@Article{valenteTS13,
  author = 	{Valente, L.
		and Tsai, R.
		and Soatto, S.},
  title = 	{Information-Seeking Control Under Visibility-Based Uncertainty},
  journal = 	{J. Math. Imaging and Vision},
  year = 	{2013}
}
@article{lacoin2011zero,
  title={Zero-temperature 2D Ising model and anisotropic curve-shortening flow},
  author={Lacoin, HUBERT and Simenhaus, FRAN{\c{C}}OIS and Toninelli, FABIO LUCIO},
  journal={arXiv preprint arXiv:1112.3160},
  year={2011}
}