@Article{whaiteF97,
    author	= {P.\ Whaite and F.P.\ Ferrie},
    year	= {1997},
    title	= {Autonomous exploration: driven by uncertainty},
    pages	= {193--205},
    note	= {\emph{IEEE Transactions on Pattern Analysis and Machine Intelligence}, vol.19, no.3, pp.Mar 1997.}
}
@Article{arbelF01,
    author	= {T.\ Arbel and F.P.\ Ferrie},
    year	= {2001},
    title	= {Entropy-based gaze planning},
    note	= {Image and Vision Computing, vol. 19, no. 11, pp. 779–786, 2001.}
}
@InProceedings{yuG00,
    author	= {Y.\ Yu and K.\ Gupta},
    year	= {2000},
    title	= {An information theoretic approach to viewpoint planning for motion planning of eye-in-hand systems},
    note	= {\emph{Proceedings of the International Symposium on Industrial Robotics}, 2000.}
}
@InProceedings{burnsB03,
    author	= {B.\ Burns and O.\ Brock},
    year	= {2003},
    title	= {Information-theoretic construction of probabilistic roadmaps},
    pages	= {650--655},
    note	= {\emph{Proceedings of the International Conference on Intelligent Robot and Systems}, pp.Las Vegas, 2003.}
}
@InProceedings{connolly85,
    author	= {C.I.\ Connolly},
    year	= {1985},
    title	= {The determination of next best views},
    pages	= {432--435},
    note	= {\emph{Proceedings of the IEEE International Conference on Robotics and Automation} , pp.1985.}
}
@InProceedings{yuWY96,
    author	= {Z.\ Yu, K.\ Wang and R.-G.\ Yang},
    year	= {1996},
    title	= {Next best view of range sensor},
    pages	= {185--188},
    note	= {\emph{Proceedings of the IEEE International Conference on Industrial Electronics, Control, and Instrumentation} , vol.1, pp.vol.1, 5-10 Aug 1996.}
}
@InProceedings{yamauchi97,
    author	= {B.\ Yamauchi},
    year	= {1997},
    title	= {A frontier-based approach for autonomous exploration},
    pages	= {146--151},
    note	= {\emph{Proceedings of the IEEE International Symposium on Computational Intelligence in Robotics and Automation},  pp.10-11 Jul 1997.}
}
@Article{grabowskiKC03,
    author	= {Robert Grabowski, Pradeep Khosla and Howie Choset},
    year	= {2003},
    title	= {Autonomous Exploration via Regions of Interest},
    note	= {}
}
@InProceedings{valenteTS12,
    author	= {L.\ Valente, Y.-H.\ R.\ Tsai and S.\ Soatto.},
    year	= {2012},
    title	= {Information Gathering Control via Exploratory Path Planning},
    note	= {\emph{Proceedings of the Conference on Information Sciences and Systems}, Mar 2012.}
}
@Article{denzlerB02,
    author	= {J.\ Denzler and C.\ Brown},
    year	= {2002},
    title	= {Information theoretic sensor data selection for active object recognition and state estimation},
    note	= {\emph{IEEE Trans. Pattern Analysis and Machine Intelligence}, vol. 24, no. 2, pp. 145–157, 2002.}
}
@Article{royCB04,
    author	= {Active recognition through next view planning: A survey},
    year	= {2004},
    title	= {S.D.\ Roy, S.\ Chaudhury and S.\ Banarjee},
    note	= {\emph{J. Pattern Recognition}, vol. 37, no. 3, pp. 429–446, 2004.}
}
@Article{cassandraKL94,
    author	= {A.R.\ Cassandra, L.P.\ Kaelbling and M.L.\ Littman},
    year	= {1994},
    title	= {Acting Optimally in Partially Observable Stochastic Domains},
    note	= {}
}
@Article{SimD04,
    author	= {R.\ Sim and G.\ Dudek.},
    year	= {2004},
    title	= {Online control policy optimization for minimizing map uncertainty during exploration},
    pages	= {1758--1763},
    note	= {\emph{Proc. of the IEEE Int. Conf. on Robotics \& Automation (ICRA)}, pp.2004.}
}
@Article{algoet94,
    author	= {P.\ Algoet},
    year	= {1994},
    title	= {The Strong Law of Large Numbers for Sequential Decisions Under Uncertainty},
    pages	= {609--633},
    note	= {\emph{IEEE Transactions on Information Theory} 40, pp.1994.}
}
@InProceedings{dearden99,
    author	= {R.\ Dearden, N.\ Friedman and D.\ Andre.},
    year	= {1999},
    title	= {Model based Bayesian Exploration},
    pages	= {150--159},
    note	= {\emph{In Proceedings of the Fifteenth Conference on Uncertainty in Artificial Intelligence}, pp.1999.}
}
@Article{hauskrecht00,
    author	= {M.\ Hauskrecht},
    year	= {2000},
    title	= {Value-function approximations for partially observable Markov decision processes},
    pages	= {33--94},
    note	= {\emph{Journal of Artificial Intelligence Research}, vol. 13, pp.2000.}
}
@Article{kearnsMN99,
    author	= {M.\ Kearns, Y.\ Mansour and A.Y.\ Ng},
    year	= {1999},
    title	= {Approximate Planning in Large POMDPs via Reusable Trajectories},
    note	= {}
}
@Article{krauseG07,
    author	= {Near-optimal Observation Selection using Submodular Functions},
    year	= {2007},
    title	= {A.\ Krause and C.\ Guestrin},
    note	= {\emph{American Association for Artificial Intelligence (AAAI)}, 2007.}
}
@Article{hollinger12,
    author	= {G.A.\ Hollinger, B.\ Englot, F.\ Hover, U.\ Mitra and G.S.\ Sukhatme},
    year	= {2012},
    title	= {Uncertainty-Driven View Planning for Underwater Surface Inspection},
    note	= {\emph{Accepted, International Conference on Robotics and Automation}, May 2012.}
}
@Article{gamitoM09,
    author	= {M.N.\ Gamito and S.C.\ Maddock},
    year	= {2009},
    title	= {Accurate multidimensional Poisson-disk sampling},
    note	= {\emph{ACM Trans. Graph.}, vol. 29, 2009.}
}
@Article{schurmann04,
    author	= {T.\ Schurmann},
    year	= {2004},
    title	= {Bias analysis in entropy estimation},
    note	= {\emph{Journal of Physics A Mathematical and General}, Vol. 37, No. L295-L301, 2004.}
}
@Article{geyer91,
    author	= {C.J.\ Geyer},
    year	= {1991},
    title	= {Markov chain Monte Carlo maximum likelihood},
    pages	= {156--163},
    note	= {\emph{Proc. 23rd Symp. Interface. Computing Science and Statistics}}
}
@Article{evendarMM06,
    author	= {E.\ Even-Dar, S.\ Mansour and Y.\ Mansour},
    year	= {2006},
    title	= {Action Elimination and Stopping Conditions for the Multi-Armed Bandit and Reinforcement Learning Problems},
    pages	= {1079--1105},
    note	= {\emph{Journal of Machine Learning Research}, 7, pp.2006.}
}
@Article{chengT09,
    author	= {L.T.\ Cheng and Y.H.\ Tsai.},
    year	= {2007},
    title	= {Redistancing by Flow of Time Dependent Eikonal Equation},
    note	= {}
}
@Article{landaT08,
    author	= {Y.\ Landa and R. Tsai.},
    year	= {2008},
    title	= {Visibility of point clouds and exploratory path planning in unknown environments},
    pages	= {08--28},
    note	= {CAM Report2008.}
}
@Article{razlighiK09,
    author	= {Q.R.\ Razlighi, and N.\ Kehtarnavaz},
    year	= {2009},
    title	= {A comparison study of image spatial entropy},
    note	= {\emph{Visual Communications and Image Processing}, 2009.}
}
@Article{coverT91,
    author	= {T.M.\ Cover and J.A.\ Thomas},
    year	= {1991},
    title	= {\emph{Elements of Information Theory}},
    note	= {Wiley \& Sons, 1991.}
}
@Article{lavalle06,
    author	= {S.M.\ LaValle.},
    year	= {2006},
    title	= {\emph{Planning Algorithms}},
    note	= {Cambridge University Press, 2006.}
}
