@Article{censi14,
 author    = {A. Censi and J. Hernandez},
 title     = {Designing Agents with Minimal Representation from Input-Output Behavior},
 publisher = {Submitted to ICRA 2015}
}