@STRING{pami = "IEEE Trans. Pattern Anal. Mach. Intell."}
@STRING{cdc94 = "Proc. of the 33rd IEEE Conf. on Decision and Control"}
@STRING{cvpr = "Proc. IEEE Comput. Soc. Conf. Comput. Vision and Pattern Recogn."}
@STRING{eccv94 = "Computer Vision, ECCV '94, J.-O. Eklundh (Ed.), 
LNCS-Series Vol. 801, Springer-Verlag"}
@STRING{icip94 = "Proc. of the  IEEE Int. Conf. on Image Processing"}

@ARTICLE{Dickmanns88-1,
	AUTHOR = {E.~D. Dickmanns and V.~Graefe.},
	TITLE = {Dynamic monocular machine vision},
	JOURNAL = {Machine Vision and Applications},
	YEAR = {1988},
	VOLUME = {1},
	PAGES = {223--240}
}
@ARTICLE{Dickmanns94,
	AUTHOR = {E.~D. Dickmanns},
	TITLE = {Historical development of use of dynamical models for
		  the representation of knowledge about real-world
		  processes in machine vision},
	JOURNAL = {Signal Processing},
	YEAR = {1994},
	VOLUME = {35 (3)},
	PAGES = {305-306}
}
@ARTICLE{chaumetteIF94,
AUTHOR = {F. Chaumette and A. Santos},
TITLE = {Tracking a moving object by visual servoing}, 
JOURNAL = {Proc. of the 12th IFAC World Congr.  Vol. 9  pp. 409--414},
YEAR = {1993}
}
@ARTICLE{crouchSL,
AUTHOR = {P. Crouch and F. Silva Leite},
TITLE = {The dynamic interpolation problem on riemannian manifolds, lie groups and symmetric spaces}, 
JOURNAL = {Technical report},
YEAR = {1994}
}
@ARTICLE{noakesHP89,
AUTHOR = {L. Noakes , G. Heinzinger and B. Paden},
TITLE = {Cubic splines on curved spaces}, 
JOURNAL = {IMA J. Math. Control and Information},
YEAR = {1989}
}
@INPROCEEDINGS{adelson,
AUTHOR = {E. Adelson},
TITLE = {Layered representations for vision and video}, 
BOOKTITLE = {Proc. of the IEEE Symposium on Representation of Visual 
Scenes},
YEAR = {1995}, 
MONTH = {Boston, June}
}
@INPROCEEDINGS{fuhrman97,
AUTHOR = {D. Fuhrman},
TITLE = {}, 
BOOKTITLE = {Proc. of the Asilomar Conference},
YEAR = {1997}
}
@INPROCEEDINGS{smith97,
AUTHOR = {},
TITLE = {}, 
BOOKTITLE = {Proc. of the Asilomar Conference},
YEAR = {1997}
}
@ARTICLE{tensorToolbox,
AUTHOR = {G. Brunthaler},
TITLE = {Matlab Tensor Algebra Toolbox}, 
JOURNAL = {Beta-release},
YEAR = {1992}
}
@ARTICLE{hashimotoKEK91a,
AUTHOR = {K.~Hashimoto T.~Kimoto T.~Ebine and H.~Kimura},
TITLE = {Image-based dynamic visual servo for a hand-eye manipulator},
JOURNAL = {Kodama Kimura, editor, {\em Recent advances in mathematical theory
  of systems, control, networks, and signal processing II}, pages 609--614.
  Proceedings of the international symposium of MTNS, Mita Press},
YEAR = {1991}
}
@ARTICLE{hashimotoKEK91b,
AUTHOR = {K.~Hashimoto T.~Kimoto T.~Ebine H.~Kimura},
TITLE = {Manipulator control with image-based visual servo},
JOURNAL = {IEEE Int. Conference on Robotics and Automation},
PAGES = {2267--2272},
YEAR = {1991}
}
@ARTICLE{fermullerA93,
AUTHOR = {C. Ferm\"uller and Y. Aloimonos},
TITLE = {The role of fixation in visual motion analysis},
JOURNAL = {Int. Journal of Computer Vision (11:2), 165-186},
YEAR = {1993}
}
@ARTICLE{ravivH94,
AUTHOR = {D. Raviv and M. Herman},
TITLE ={A unified approach to camera fixation and vision-based road following},
JOURNAL = {IEEE Trans. on Systems, Man and Cybernetics vol. 24, n. 8},
YEAR = {1994}
}
@ARTICLE{barthT93,
AUTHOR = {M. J. Barth and S. Tsuji},
TITLE = {Egomotion determination through an intelligent gaze control strategy},
JOURNAL = pami,
YEAR = {1993}
}
@ARTICLE{fermullerA92,
AUTHOR = {C. Ferm\"uller and Y. Aloimonos},
TITLE = {Tracking facilitates 3-D motion estimation},
JOURNAL = {Biological Cybernetics (67), 259-268},
YEAR = {1992}
}
@ARTICLE{taale92,
AUTHOR = {M. A. Taalebinezhaad},
TITLE = {Direct recovery of motion and shape in the general case by fixation},
JOURNAL = pami,
VOLUME = {14},
NUMBER = {8}, 
PAGES = {847--853},
YEAR = {1992}
}
@ARTICLE{hoMcClamroch92,
AUTHOR = {C.C. Ho and N.H. McClamroch},
TITLE = {Autonomous spacecraft docking using a computer vision system},
JOURNAL = {Proc. of the 31st CDC Tucson AZ},
YEAR = {1992}
}
@ARTICLE{soattoP95_1,
	AUTHOR = {S. Soatto and P. Perona},
	TITLE = {Reducing ``structure from motion'' 1: modeling},
	JOURNAL = {submitted to the IEEE trans. PAMI},
	YEAR = {Nov. 1995}
}
@ARTICLE{soattoP95_2,
	AUTHOR = {S. Soatto and P. Perona},
	TITLE = {Reducing ``structure from motion'' 2: experimental evaluation},
	JOURNAL = pami,
	YEAR = {(in press), 1998}
}
@ARTICLE{lenzT88,
	AUTHOR = {R.K. Lenz and R.Y. Tsai},
	TITLE = {Techniques for calibration of the image center and scale factor for high accuracy 3D vision},
	JOURNAL = pami,
	VOLUME = {10},
	NUMBER = {5},
	PAGES = {713-720},
	YEAR = {1988}
}
@ARTICLE{poelmanK94,
	AUTHOR = {C. Poelman and T. Kanade},
	TITLE = {A paraperspective factorization method for shape and
		  motion recovery},
	JOURNAL = {Proc. of the 3 ECCV, LNCS Vol 810, Springer Verlag},
	YEAR = {1994}
}
@ARTICLE{duB93,
	AUTHOR = {F. Du and M. Brady},
	TITLE = {Self-calibration of the intrinsic parameters of cameras for active vision systems},
	JOURNAL = {Trans. of the IEEE conf. CVPR},
	YEAR = {1993}, 
	MONTH = {New York, June}
}
@INPROCEEDINGS{soattoFP95NOLCOS,
	AUTHOR = {S. Soatto and R. Frezza and P. Perona},
	TITLE = {Structure from visual motion as a nonlinear observation problem},
	BOOKTITLE = {Proceedings of the IFAC Symposium on Nonlinear Control Systems NOLCOS},
	YEAR = {1995},
	MONTH = {Tahoe City, June}
}
@INPROCEEDINGS{soattoP96CVPR_1,
	AUTHOR = {S. Soatto and P. Perona},
	TITLE = {Reducing structure from motion: a general framework
		  for dynamic vision with experimental evaluation},
	BOOKTITLE = {Proc. of the IEEE Intl. Conf. on Comp. Vision and
		 Patt. Recogn.},
	YEAR = {1996},
	MONTH = {June}
}
@INPROCEEDINGS{soattoP96CVPR_2,
	AUTHOR = {S. Soatto and P. Perona},
	TITLE = {Motion From Fixation},
	BOOKTITLE = {Proc. of the IEEE Intl. Conf. on Comp. Vision and
		 Patt. Recogn.},
	YEAR = {1996},
	MONTH = {June}
}
@INPROCEEDINGS{bulloMS95,
	AUTHOR = {F. Bullo and R. M. Murray and A. Sarti},
	TITLE = {Control on the sphere and reduced attitude stabilization},
	BOOKTITLE = {Proceedings of the IFAC Symposium on Nonlinear Control Systems NOLCOS},
	YEAR = {1995},
	MONTH = {Tahoe City, June}
}
@ARTICLE{sashua93,
	AUTHOR = {A. Sashua},
	TITLE = {Projective Structure Estimation},
	JOURNAL = {MIT AI memo 1183},
	YEAR = {1993}
}
@INPROCEEDINGS{soattoP94ICIP_1,
	AUTHOR = {S. Soatto and P. Perona},
	TITLE = {Recursive estimation of camera motion from uncalibrated image sequences},
	BOOKTITLE = icip94,
	YEAR = {1994},
	PAGES = {II--58-62},
	MONTH = {Austin, November}
}
@INPROCEEDINGS{dickmanns94CDC,
	AUTHOR = {E. D. Dickmanns},
	TITLE = {The 4-D approach to dynamic machine vision},
	BOOKTITLE = {Proc. 33rd IEEE Conference on Decision and Control},
	YEAR = {1994},
	MONTH = {December}
}
@ARTICLE{soattoP94obslin,
	AUTHOR = {S. Soatto and P. Perona},
	TITLE = {On the exact linearization of structure from motion},
	JOURNAL = {Technical Report CIT-CDS 94-011, California Institute of Technology},
	YEAR = {1994}
}
@ARTICLE{littlejohnR95,
	AUTHOR = {R. Littlejohn and M. Reinsch},
	TITLE = {Gauge fields in the separation of rotations and
		  internal motions in the n-body problem},
	JOURNAL = {Rev. Mod. Physics (submitted)},
	YEAR = {1995}
}
@ARTICLE{crowleyBS93,
	AUTHOR = {J.L. Crowley and P. Bobet and C. Schmidt},
	TITLE = {Maintaining stereo calibration by tracking image points},
	JOURNAL = {Trans. of the IEEE conf. CVPR},
	YEAR = {1993}, 
	month = {New York, June}
}
@ARTICLE{astromE71,
	AUTHOR = {J.K.{\AA}str\"om and P. Eykhoff},
	TITLE = {System identification, a survey},
	JOURNAL = {Automatica, vol. 7},
	YEAR = {1971}
}
@ARTICLE{habbeggerB69,
	AUTHOR ={L.J.Habbegger and R.E.Bayley},
	TITLE = {Minimum variance estimation of parameters and states in nuclear power systems},
	JOURNAL = {Proc. 4 IFAC congress},
	YEAR = {1969}
}
@ARTICLE{koppO63,
	AUTHOR = {R.E.Kopp and R.J. Orford},
	TITLE = {Linear regression applied to system identification for adaptive control systems},
	JOURNAL = {AIAA Journal , 2300-2306},
	YEAR = {1963}
}
@ARTICLE{automatica90,
	AUTHOR = {P.Eykhoff and P.C.Parks (eds)},
	TITLE = {Special issue on identification and system parameters estimati		on},
	JOURNAL = {Automatica, vol. 26},
	YEAR = {1990}
}
@ARTICLE{bucy65,
	AUTHOR = {R.S. Bucy},
	TITLE = {Non-linear filtering theory},
	JOURNAL = {IEEE Trans. Aut. Contr.},
	VOLUME = {10},
	YEAR = {1965}
}
@ARTICLE{mclauchlanRM94,
	AUTHOR = {P. McLauchlan and I. Reid and D. Murray},
	TITLE = {Recursive affine structure and motion from image sequences},
	JOURNAL = {Proc. of the 3rd Eur. Conf. Comp. Vision},
	YEAR = {1994}, 
	MONTH = {Stockholm, May}
}
@ARTICLE{cox64,
	AUTHOR = {H. Cox},
	TITLE = {On the estimation of state variables and parameters from noisy dynamical systems},
	JOURNAL = {IEEE Trans. A.C. AC-9, 5-12},
	YEAR = {1964}
}
@ARTICLE{basu93,
	AUTHOR = {A. Basu},
	TITLE = {Active calibration: anternative strategy and analysis},
	JOURNAL = {Trans. of the IEEE conf. CVPR},
	YEAR = {1993}, 
	month = {New York, June}
}
@ARTICLE{soattoP92,
	AUTHOR = {S. Soatto and  P. Perona},
	TITLE = {Time integration of visual information for the robust recovery of motion and structure},
	JOURNAL = {Technical Report CIT/CNS 24-93 -- California Institute of Technology},
	YEAR = {Oct. 1992}
}
@ARTICLE{Dickmanns88-2,
	AUTHOR = {E.~D. Dickmanns and Graefe, V.},
	TITLE = {Applications of dynamic monocular machine vision},
	JOURNAL = {Machine Vision and Applications},
	YEAR = {1988},
	VOLUME = {1},
	PAGES = {241--261}
}
@ARTICLE{lucasK81,
	AUTHOR = {B.D. Lucas and T. Kanade},
	TITLE = {An iterative image registration technique
	with an application to stereo vision.},
	JOURNAL = {Proc. 7th Int. Joint Conf. on Art. Intell.},
	YEAR = {1981},
}
@ARTICLE{dickmannsG88B,
	AUTHOR = {E.~D. Dickmanns and Graefe, V.},
	TITLE = {Applications of dynamic monocular machine vision},
	JOURNAL = {Machine Vision and Applications},
	YEAR = {1988},
	VOLUME = {1},
	PAGES = {241--261}
}
@BOOK{jazwinski70,
	AUTHOR = {A.H. Jazwinski},
	TITLE = {Stochastic Processes and Filtering Theory},
	PUBLISHER = { Academic Press},
	YEAR = {1970},
}
@BOOK{guilleminP,
	AUTHOR = {V. Guillemin and A. Pollack},
	TITLE = {Differential Topology},
	PUBLISHER = {Prentice-Hall},
	YEAR = {1974},
}
@BOOK{guckenheimerH,
	AUTHOR = {Guckenheimer and Holmes},
	TITLE = {Nonlinear oscillations, dynamical systems and
		  bifurcations of vector fields},
	PUBLISHER = {Springer Verlag},
	YEAR = {1986},
}
@BOOK{ljung87,
	AUTHOR = {L. Ljung},
	TITLE = {System Identification: theory for the user},
	PUBLISHER = {Prentice Hall},
	YEAR = {1987},
}
@BOOK{ljung83,
	AUTHOR = {L. Ljung},
	TITLE = {Theory and Practice of Recursive Identification},
	PUBLISHER = {MIT press},
	YEAR = {1983},
}
@BOOK{sempleK52,
	AUTHOR = {J.G. Semple and G.J. Kneebone},
	TITLE = {Algebraic Projective Geometry},
	PUBLISHER = {Oxford},
	YEAR = {1952},
}
@BOOK{soderstromS89,
	AUTHOR = {T. Soderstorm and P. Stoica},
	TITLE = {System Identification},
	PUBLISHER = {Prentice Hall},
	YEAR = {1989},
}
@BOOK{maybank92,
	AUTHOR = {S. J. Maybank},
	TITLE = {Theory of reconstruction from image motion},
	PUBLISHER = {Springer Verlag},
	YEAR = {1992},
}
@BOOK{bar-shalomF87,
	AUTHOR = {Y. Bar-Shalom and T. E. Fortmann},
	TITLE = {Tracking and Data Association},
	PUBLISHER = { Academic Press},
	YEAR = {1987},
}
@BOOK{faugeras93,
	AUTHOR = {O. D. Faugeras},
	TITLE = {Three Dimensional Vision, a geometric viewpoint},
	PUBLISHER = {MIT Press},
	YEAR = {1993},
}

@ARTICLE{kalman60,
	AUTHOR = {R.E. Kalman},
	TITLE = {A new approach to linear filtering and prediction problems.},
	JOURNAL = {Trans. of the ASME-Journal of basic engineering.},
	YEAR = {1960},
	VOLUME = {35-45},
}
@ARTICLE{heel89,
	AUTHOR = {J. Heel},
	TITLE = {Dynamic Motion Vision},
	JOURNAL = {Proc. of the DARPA image understanding workshop},
	YEAR = {1989},
}
@ARTICLE{faugerasLM92,
	AUTHOR = {O. D. Faugeras and Q.T. Luong and S. J. Maybank},
	TITLE = {Camera self-calibration: theory and experiments},
	JOURNAL = {Proc. of the ECCV92, Vol. 588 of LNCS, Springer Verlag},
	YEAR = {1992},
}
@INPROCEEDINGS{luongF93,
	AUTHOR = {Q.T. Luong and O. D. Faugeras},
	TITLE = {Determining the fundamental matrix with planes: instability and new algorithms},
	BOOKTITLE = {Proc. of the IEEE conf. on Comp. Vision and Patt. Recog.},
	YEAR = {1993},
	MONTH = {New York, June}
}
@ARTICLE{lawnC94,
	AUTHOR = {J. Lawn and R. Cipolla},
	TITLE = {Robust egomotion estimation from affine motion parallax},
	JOURNAL = {Proc. of the ECCV94, Vol. 800 of LNCS, Springer Verlag},
	YEAR = {1994},
}
@ARTICLE{aloimonos90,
	AUTHOR = {J. Aloimonos},
	TITLE = {Perspective approximations},
	JOURNAL = {Image and vision computing vol. 8 n0. 3},
	YEAR = {1990},
}
@ARTICLE{spetsakisA91,
	AUTHOR = {M. Spetsakis and J. Aloimonos},
	TITLE = {A multi-frame approach to visual motion perception},
	JOURNAL = {Int. J. Computer Vision 6 (3)},
	YEAR = {1991},
}
@ARTICLE{huA91,
	AUTHOR = {X. Hu and N. Ahuja},
	TITLE = {Motion estimation under orthographic projection},
	JOURNAL = {IEEE Trans. Rob. and Aut. vol 7 no 6},
	YEAR = {1991},
}
@ARTICLE{huangL89,
	AUTHOR = {T. Huang and C. Lee},
	TITLE = {Motion and structure from orthographic projections},
	JOURNAL = pami,
	YEAR = {1989},
}
@ARTICLE{harris90,
	AUTHOR = {C. Harris},
	TITLE = {Structure from motion under orthographic projection},
	JOURNAL = {Proc. of the 1st ECCV},
	YEAR = {1990},
}
@ARTICLE{bennettHNP89,
	AUTHOR = {B. Bennett, D. Hoffman, J. Nicola and C. Prakash},
	TITLE = {Structure from two orthographic view of rigid motion},
	JOURNAL = {J. Opt. Soc. of Am. vol. 6 no. 7},
	YEAR = {1989},
}
@ARTICLE{shapiroZB94,
	AUTHOR = {L. Shapiro, A. Zisserman and M. Brady},
	TITLE = {Motion from point matches using affine epipolar geometry},
	JOURNAL = {Proc. of the ECCV94, Vol. 800 of LNCS, Springer Verlag},
	YEAR = {1994},
}
@ARTICLE{heel90,
	AUTHOR = {J. Heel},
	TITLE = {Direct estimation of structure and motion from 
	multiple frames.},
	JOURNAL = {AI Memo 1190, MIT AI Lab},
	YEAR = {March 1990},
}
@ARTICLE{mardiaD89,
	AUTHOR = {K. V. Mardia and I. L. Dryden},
	TITLE = {Shape distributions for landmark data},
	JOURNAL = {Adv. appl. prob.},
	VOLUME = {21},
	NUMBER = {4},
	PAGES = {742--755},
	YEAR = {1989},
}
@ARTICLE{sridhar89,
	AUTHOR = {B. Sridhar and R. Suorsa and P. Smith and  B. Hussien},
	TITLE = {Vision-based obstacle detection for rotorcraft flight},
	JOURNAL = {Journal of Robotic Systems},
	YEAR = {1992},
}
@ARTICLE{shashua93,
	AUTHOR = {A. Shashua},
	TITLE = {On geometric and algebraic aspects of 3D affine and
		  projective structure from perspective 2D views},
	JOURNAL = {AI Memo 1405,  MIT AI Lab},
	YEAR = {March 1993},
}
@ARTICLE{heel91,
	AUTHOR = {J. Heel},
	TITLE = {Temporal integration of 3-D surface reconstruction},
	JOURNAL = {To appear on IEEE trans. PAMI, special issue on the
	interpretation of 3-D scenes. },
	YEAR = {March 1991},
}
@ARTICLE{szeliski93,
	AUTHOR = {R. Szeliski},
	TITLE = {Recovering 3D shape and motion from image streams
		  using nonlinear least squares},
	JOURNAL = {J. visual communication and image representation},
	YEAR = {1994},
}
@ARTICLE{matthiesKS89,
	AUTHOR = {L. Matthies and R. Szeliski and T. Kanade},
	TITLE = {Kalman Filter-based algorithms for estimating depth
	from image sequences.},
	JOURNAL = {Int. J. of computer vision },
	VOLUME = {3}, 
	NUMBER = {3},
	PAGES = {209--236},
	YEAR = {1989},
}
@ARTICLE{broidaC86,
	AUTHOR = {T. Broida and R. Chellappa},
	TITLE = {Estimation of object motion parameters from 
	noisy images},
	JOURNAL = pami,
	VOLUME = {8},
	NUMBER = {1}, 
	PAGES = {90--99},
	YEAR = {1986},
}
@ARTICLE{broidaCC90,
	AUTHOR = {T. Broida and S. Chandrashekhar and R. Chellappa},
	TITLE = {Recursive 3-D motion estimation from a monocular
		  image sequence},
	JOURNAL = {IEEE trans. AES},
	YEAR = {1990},
}
@ARTICLE{cuiWC94,
	AUTHOR = {N Cui and J. Weng and P. Cohen},
	TITLE = {REcursive-batch estimation of motion and structure
		  from monocular image sequences},
	JOURNAL = {IEEE trans. AES},
	YEAR = {1990},
}
@ARTICLE{chevallier91,
	AUTHOR = {D. P. Chevallier},
	TITLE = {Lie algebras, modules, dual quaternions and algebraic
		  methods in kinematics},
	JOURNAL = {Mech. Mach. Theory},
	YEAR = {1991},
}
@ARTICLE{broidaC91,
	AUTHOR = {T. Broida and R. Chellappa},
	TITLE = {Estimating the kinematics and structure  of 
	a rigid object  from a sequence of monocular frames.
	},
	JOURNAL = pami,
	YEAR = {1991},
}
@ARTICLE{shekharC92,
	AUTHOR = {C. Shekhar and R. Chellappa},
	TITLE = {Passive Ranging using a Moving Camera.
	},
	JOURNAL = {J. of Robotics S. vol. 9},
	YEAR = {1992},
}
@ARTICLE{mennucci94,
	AUTHOR = {Andrea C. Mennucci},
	TITLE = {Recovering ego motion: an alternative proof for the configurations that defeat the eight-point Longuet-Higgins' algorithm},
	JOURNAL = {CDS memo, California Institute of Technology},
	YEAR = {Jan. 1994},
}
@BOOK{bartlett56,
	AUTHOR = {M.S. Bartlett},
	TITLE = {An Introduction to Stochastic Processes},
	PUBLISHER = {Cambridge University Press},
	YEAR = {1956},
}
@TECHREPORT{soattoP95fixation,
        AUTHOR = {S. Soatto and P. Perona},
        TITLE = {Motion from Fixation},
        INSTITUTION = {California Institute of Technology},
        YEAR = {February 1995, submitted to ECCV 96},
        TYPE = {CDS Technical report},
        NUMBER = {CIT-CDS-95-006}
}
@TECHREPORT{weberC96,
        AUTHOR = {J. Weber and A. Crishnaswami},
        TITLE = {Planar navigation},
        INSTITUTION = {California Institute of Technology},
        YEAR = {1996},
        TYPE = {CNS-TR},
        NUMBER = {}
}
@ARTICLE{wengAH93,
	AUTHOR = {J. Weng and N. Ahuja and T. Huang},
	TITLE = {Optimal motion and structure estimation},
	JOURNAL = pami,
	YEAR = {1993},
	VOLUME = {15},
	PAGES = {864-884}
}
@ARTICLE{tomasiK92,
	AUTHOR = {C. Tomasi and T. Kanade},
	TITLE = {Shape and motion from image streams under orthography: a factorization
	method },
	JOURNAL = {Int. J. of Computer Vision},
	YEAR = {1992},
	VOLUME = {9},
	NUMBER = {2},
	PAGES = {137-154}
}
@TECHREPORT{jepsonH91,
        AUTHOR = {A. Jepson and D. Heeger},
        TITLE = {Subspace methods for recovering rigid motion II:
        theory},
        INSTITUTION = {University of Toronto -- CS dept.},
        YEAR = {November 1990},
        TYPE = {RBCV},
        NUMBER = {TR-90-35},
        NOTE = {Revised July 1991}
}
@TECHREPORT{heegerJ94,
        AUTHOR = {D. Heeger and A. Jepson},
        TITLE = {Linear subspace methods for recovering rigid motion},
        INSTITUTION = {University of Toronto -- CS dept.},
        YEAR = {1994},
        TYPE = {RBCV}
}
@ARTICLE{jepsonH92,
        AUTHOR = {A. Jepson and D. Heeger},
        TITLE = {Linear subspace methods for recovering rigid motion},
        JOURNAL = {Spatial Vision in Humans and Robots, Cambridge
		  University Press},
        YEAR = {1992}       
}
@ARTICLE{treue95, 
        AUTHOR = {S. Treue and R. A. Andersen and H. Ando and E. C. Hildreth},
        TITLE = {Structure-from-motion: perceptual evidence for surface interpolation},
        JOURNAL = {Vision Research},
	VOLUME = {35},
	NUMBER = {1},
	PAGES = {139--148},
        YEAR = {1994}       
}
@ARTICLE{treueA94,
        AUTHOR = {S. Treue and M. Husain and R. A. Andersen},
        TITLE = {Human perception of structure from motion},
        JOURNAL = {Vision Research},
	VOLUME = {31},
	NUMBER = {1},
	PAGES = {59--75},
        YEAR = {1991}       
}
@ARTICLE{treue91, 
        AUTHOR = {S. Treue and M. Husain and R. A. Andersen},
        TITLE = {Human perception of structure from motion},
        JOURNAL = {Vision Research},
	VOLUME = {31},
	NUMBER = {1},
	PAGES = {59--75},
        YEAR = {1991}       
}
@ARTICLE{heegerJ91A,
        AUTHOR = {D. Heeger and A. Jepson},
        TITLE = {Subspace methods for recovering rigid motion I:
        algorithm and implementation},
        JOURNAL= {Int. J. Comp. Vision},
	VOLUME = {7},
	NUMBER = {2},
	PAGES = {95--117},
        YEAR = {1992},
}
@ARTICLE{sawhney94,
        AUTHOR = {H. S. Sawhney},
        TITLE = {Simplifying motion and structure analysis using
		  planar parallax and image warping},
        JOURNAL= {Proc. of the Int. Conf. on Pattern Recognition},
        YEAR = {1994},
	MONTH = {Seattle, June}
}
@ARTICLE{kumarAH94,
        AUTHOR = {R. Kumar, P. Anandan and K. Hanna},
        TITLE = {Shape recovery from multiple views: a parallax based
		  approach },
        JOURNAL= {Proc. of the Image Understanding Workshop},
        YEAR = {1994},
}
@ARTICLE{poncePersonal,
        AUTHOR = {J. Ponce},
        TITLE = {Note on the instantaneous epipolar constraint},
        JOURNAL= {personal communication},
        YEAR = {1994},
}
@ARTICLE{verriP87,
  title ="Against Quantitative Optical Flow",
  author = "A. Verri and T. Poggio",
  journal = "Proc. of the 1st Int. Conf. on Computer Vision pp.171-180",
  year = "1987"
}
@BOOK{kailath80,
	AUTHOR = {T. Kailath},
	TITLE = {Linear Systems},
	PUBLISHER = {Prentice Hall},
	YEAR = {1980},
}
@BOOK{sontag92,
	AUTHOR = {E. Sontag},
	TITLE = {Mathematical Control Theory},
	PUBLISHER = {Springer Verlag},
	YEAR = {1992},
}
@BOOK{boothby86,
	AUTHOR = {W. Boothby},
	TITLE = {Introduction to Differentiable Manifolds and Riemannian Geometry},
	PUBLISHER = {Academic Press},
	YEAR = {1986},
}
@BOOK{liMS93,
	AUTHOR = {Z. Li and R.M. Murray and S.S. Sastry},
	TITLE = {A Mathematical Introduction to Robotic Manipulation},
	PUBLISHER = {CRC press},
	YEAR = {1994},
}
@BOOK{MLS94,
	AUTHOR = {R.M. Murray and Z. Li and S.S. Sastry},
	TITLE = {A Mathematical Introduction to Robotic Manipulation},
	PUBLISHER = {CRC Press},
	YEAR = {1994},
}
@BOOK{docarmo76,
	AUTHOR = {A. Do Carmo},
	TITLE = {Differential Geometry of Curves and Surfaces},
	PUBLISHER = {Prentice Hall},
	YEAR = {1976},
}
@BOOK{nijmeijerVDS90,
	AUTHOR = {H. Nijmeijer and A. J. van~der~Schaft},
	TITLE = {Nonlinear Dynamical Control Systems},
	PUBLISHER = {Springer Verlag},
	YEAR = {1990},
}
@BOOK{isidori89,
	AUTHOR = {A. Isidori},
	TITLE = {Nonlinear Control Systems},
	PUBLISHER = {Springer Verlag},
	YEAR = {1989},
}
@BOOK{spivak,
	AUTHOR = {M. Spivak},
	TITLE = {A comprehensive introduction to differential geometry-- Voll.I-V},
	PUBLISHER = {Publish or perish},
	YEAR = {1970-75},
}
@BOOK{bryantCGGG92,
	AUTHOR = {R. L. Bryant and S. S. Chern and R. B. Gardner and
		  H. L. Goldshmidt and P. A. Griffith},
	TITLE = {Exterior Differential Systems},
	PUBLISHER = {Springer Verlag},
	SERIES = {Mathematical Research Institute},
	YEAR = {1991},
}
@ARTICLE{levineM92,
  title ="Constant-speed target tracking via bearings-only measurements",
  author = "J. Levine and R. Marino",
  journal = "IEEE trans. aerospace and electronic systems v.28",
  year = {1992}
}
@ARTICLE{hoMcClamrock92,
  title ="Autonomous spacecraft docking using a computer vision systm",
  author = "C.C. Ho and N.H. McClamrock",
  journal = "Proc. of the 31st CDC -- Tucson, AZ",
  year = {1992}
}
@BOOK{picci89,
	AUTHOR = "G. Picci",
	TITLE = {Elementi di elaborazione statistica del segnale},
	PUBLISHER = {CLEUP--Padova},
	YEAR = {1989},
}
@ARTICLE{siraramirez92,
  title ="The differential algebraic approach in nonlinear dynamical
feedback controlled landing maneuvers",
  author = "H. Sira-Ramirez",
  journal = "IEEE trans. A-C",
  year = "1992"
}
@ARTICLE{adiv85,
  title ="Determining three-dimensional motion and structure from
		  optical flow generated by several moving objects",
  author = "G. Adiv",
  journal = pami,
  year = "1985",
  volume = "7",
  number = "4", 
  pages = "348--401"
}
@ARTICLE{youngC90,
  title ="3-D motion estimation using a sequence of noisy stereo
		  images - models, estimation and uniqueness results",
  author = "G. S. Young and R. Chellappa",
  journal = pami,
  year = "1990"
}
@ARTICLE{bouguetP95,
  title ="Visual navigation using a single camera",
  author = "J.-Y. Bouguet and P. Perona",
  journal = "Proc. of the 5 IEEE Int. Conf. Comp. Vision",
  year = "1995", 
  month = "Boston, June"
}
@ARTICLE{willems91,
  title ="Paradigms and puzzles in the theory of dynamical  systems",
  author = "J.C.Willems",
  journal = pami,
  year = "1991"
}
@ARTICLE{willems91_2,
  title ="Continuity of latent variable models",
  author = "J.C.Willems",
  journal = pami,
  year = "1991"
}
@ARTICLE{astromPFS93,
  title ="Kalman filtering for DAE--systems",
  author = "J.K. Astrom and R. Frezza and P. Perona and S. Soatto",
  journal = "Working paper",
  year = "1993",
}
@INPROCEEDINGS{soatto94,
	AUTHOR = {S. Soatto},
	TITLE = {Observability/identifiability of rigid motion under perspective projection},
	BOOKTITLE = cdc94,
	MONTH = {Dec.},
	YEAR = {1994},
	PAGES = {3235-3240},
NOTES = {Extended version submitted to the IFAC journal ``Automatica''},
}
@INPROCEEDINGS{bouguetP94,
	AUTHOR = {J.-Y. Bouguet and P. Peron},
	TITLE = {A visual odometer and gyroscope},
	BOOKTITLE = {IEEE Int. Conf. on Computer Vision},
	YEAR = {1995},
	NOTE = {to appear}
}
@INPROCEEDINGS{soattoP94ICIP_2,
	AUTHOR = {S. Soatto and P. Perona},
	TITLE = {Recursive 3-D visual motion estimation using 
subspace constraints},
	BOOKTITLE = icip94,
	YEAR = {1994},
	PAGES = {I--333-337},
	MONTH = {Austin, November},
	NOTE = {Extended version in: Technical Report CIT-CDS 94-005, California Institute of Technology, submitted to the Int. Journal of Computer Vision.}
}
@INPROCEEDINGS{soattoP95ICIP,
	AUTHOR = {S. Soatto and P. Perona},
	TITLE = {Motion estimation from point features: unified view},
	BOOKTITLE = icip94,
	YEAR = {1995}
}
@ARTICLE{soattoP96IJCV,
  title ="Recursive 3-D visual motion estimation using 
subspace constraints",
  author = "S. Soatto and P. Perona",
  journal = "Int. J. of Computer Vision",
  year = "1997"
}
@ARTICLE{soattoP97IJCV,
  title ="Recursive 3-D visual motion estimation using 
subspace constraints",
  author = "S. Soatto and P. Perona",
  journal = "Int. J. of Computer Vision",
  year = "1997",
  volume = "22", 
  number = "3", 
  pages = "235-259"
}
@ARTICLE{soattoP97JRTI,
  title ="Motion from fixation",
  author = "S. Soatto and P. Perona",
  journal = "Int. J. of Real Time Imaging",
  year = "1997"
}
@ARTICLE{faugerasM90,
  title ="Motion from point matches: multiplicity of solutions",
  author = "O. D. Faugeras and S. J. Maybank",
  journal = "Int. J. of Computer Vision",
  year = "1990",
  volume = {4}, 
  number = {3}, 
  pages = {225--246}
}
@ARTICLE{faugeras95,
  title ="On the geometry and algebra of teh point and line
		  correspondences between N images",
  author = "O. D. Faugeras",
  journal = "Proc. of the Int. Conf. on Comp. Vision",
  year = "1995",
  month = "Boston, June"
}
@ARTICLE{faugerasLT87,
  title ="Motion and structure from motion from point and line matches",
  author = "O. D. Faugeras and F. Lustman and G. Toscani",
  journal = "Proc. of the IEEE Conf. ICCV",
  year = "1987"
}
@INPROCEEDINGS{bergenKAI95,
  title ="Representation of scenes from collections of images",
  author = "J. Bergen and R. Kumar and P. Anandan and M. Irani",
  booktitle = "Proc. of the IEEE Workshop on Visual Scene Representation",
  year = "1995",
  month = {Boston, June}
}
@INPROCEEDINGS{anandanKH95,
  title = "Representation of scenes from collections of images",
  author = "J. Bergen and R. Kumar and P. Anandan and M. Irani",
  booktitle = "Proc. of the IEEE Workshop on Visual Scene Representation",
  year = "1995",
  month = {Boston, June}
}
@ARTICLE{banaszukKL92,
  title ="Kalman decomposition for implicit linear systems",
  author = "A. Banaszuk and M. Kociecki and F.L.Lewis",
  journal = "IEEE trans. aerospace and electronic systems v.28",
  year = "1992",
}
@BOOK{katlin91,
	AUTHOR = {D.E.Katlin},
	TITLE = {Estimation, Control and the Discrete Kalman Filtering},
	PUBLISHER = {Springer Verlag},
	YEAR = {1991},
}
@BOOK{abrahamMR,
	AUTHOR = {R. Abraham and J. E. Marsden and T. Ratiu},
	TITLE = {Manifolds, tensor analysis and applications},
	PUBLISHER = {Springer Verlag, 2 edition},
	YEAR = {1988},
}
@BOOK{varadarajan,
	AUTHOR = {V.~S.~Varadarajan},
	TITLE = {Lie groups, Lie algebras and their representation},
	PUBLISHER = {Springer Verlag, GTE},
	YEAR = {1984},
}
@BOOK{boothby,
	AUTHOR = {W. M. Boothby},
	TITLE = {Introduction to differentiable manifolds and riemanniann geometry},
	PUBLISHER = {Academic Press},
	YEAR = {1986},
}
@BOOK{aoki88,
	AUTHOR = {M. Aoki},
	TITLE = {Optimal Control of Stochastic Processes},
	PUBLISHER = {Academic Press},
	YEAR = {1988},
}
@ARTICLE{arbogastM92,
  title ="An Egomotion Algorithm Based on the Tracking of Arbitrary Curves",
  author = "E. Arbogast and R. Mohr",
  journal = "Proc. of the 2nd Europ. Conf. on Computer Vision",
  year = "1992"
}
@ARTICLE{mohr92,
  title ="Relative positioning with uncalibrated cameras",
  author = "R. Mohr",
  journal = "in Geometric Invariance in Computer Vision",
  year = "1992"
}
@ARTICLE{faugeras90,
  title ="On the motion of 3-D curves and its relationship to optical flow",
  author = "O. D. Faugeras",
  journal = "Reports de Recherche--INRIA n.1183",
  year = "Mars 1990"
}
@ARTICLE{faugeras92,
  title ="What can be seen in three dimensions with an uncalibrated
		  stereo rig",
  author = "O. D. Faugeras",
  journal = "Proc. of the 2 ECCV",
  year = "1992"
}
@ARTICLE{faugeras91,
  title ="Sur le mouvement des courbes tridimensionnelle et sa relaxion avel le flot optique",
  author = "O. D. Faugeras",
  journal = "Proc. R. Acad. Sci. Paris n.312",
  year = "1991"
}
@ARTICLE{dayawansaGMW93,
  title ="A necessary and sufficient condition for the perspective observability problem",
  author = "W. Dayawansa and B. Ghosh and C. Martin and X. Wang",
  journal = "Systems and Control Letters",
  volume = {25}, 
  number = {3},
  pages = {159--166},
  year = "1994"
}
@ARTICLE{ghoshJW93,
  title ="Perspective problems in systems theory and its application in machine vision",
  author = "B. Ghosh and M. Jankovic and Y. Wu",
  journal = "Journal of Math. Systems Estimation and Control",
  year = "1994"
}
@ARTICLE{leiG92,
  title ="A new nonlinear feedback controller for visually-guided robotic motion tracking",
  author = "M. Lei and B. K. Ghosh",
  journal = "Proc. of the ECC",
  year = "1993"
}
@ARTICLE{CDCproposal,
  title ="Dynamic Vision: systems theoretic methods and control applications",
  author = "S. Soatto P. Perona R. Frezza G. Picci",
  journal = "Proposal for an invited session at the 33rd IEEE CDC",
  year = "1994"
}
@ARTICLE{jankovicG93,
  title ="Visually guided ranging from observations of points, lines and curves via an identifier based nonlinear observer",
  author = "M. Jankovic and B. K. Ghosh",
  journal = "System and Control Letters",
  year = "to appear"
}
@ARTICLE{wohnWB91,
  title ="A contour-based recovery of image flow: iterative transformation method",
  author = "K. Wohn and J. Wu and R. Brockett",
  journal = pami,
  year = "Aug. 1991"
}
@ARTICLE{blakeB94,
  title ="On Snakes and Estimation Theory",
  author = "A. Blake and R. Brockett",
  journal = "Submitted to the invited session on ''Dynamic Vision'' at the 33 Conf. on Decision and Control",
  year = "1994"
}
@ARTICLE{brockett92,
  title ="Gramians, generalized inverses, and the least squares approximation of optical flow",
  author = "R. Brockett",
  journal = "~~",
  year = "1992"
}
@ARTICLE{brockett91,
  title ="Dynamical systems that learn subspaces",
  author = "R. Brockett",
  journal = "Mathematical System Theory, the influence of Kalman",
  year = "1993"
}
@ARTICLE{wengHA89,
  title ="Motion and structure from two perspective views: algorithms,
		  error analysis and error estimation",
  author = "J. Weng, T. S. Huang and N. Ahuja",
  journal = pami,
  volume = {11},
  number = {5}, 
  pages = {451--476},
  year = "1989"
}
@ARTICLE{wengAH93_2,
  title ="Motion and structure from two perspective views: algorithms,
		  error analysis and error estimation",
  author = "J. Weng, N. Ahuja and T. S. Huang",
  journal = pami,
  volume = {15}, 
  number = {9}, 
  pages = {864--884},
  year = "1993"
}
@ARTICLE{blakeTC93,
  title ="Grasping visual simmetry",
  author = "A. Blake and M. Taylor and A. Cox",
  journal = "Proc. of the Int. Conf. Comp. Vision",
  year = "1993"
}
@ARTICLE{curwenBZ92,
  title ="Real-time visual tracking for surveillance and path planning",
  author = "R. Curwen and A. Blake and A. Zisserman",
  journal = "Proc. of the ECCV",
  year = "1992"
}
@ARTICLE{dibernardoTFP93,
  title ="Stima del moto dell'osservatore e della struttura della scena mediante visione monoculare",
  author = "E. Di-Bernardo and L. Toniutti and R. Frezza and G. Picci",
  journal = "Tesi di Laurea--Universit\`a di Padova",
  year = "1993"
}
@ARTICLE{nijmeijer82,
  title ="Observability of autonomous discrete time nonlinear systems",
  author = "H. Nijmeijer",
  journal = "Int. J. Control",
  volume = {5},
  number = {36},
  year = "1982"
}
@ARTICLE{vandershaft82,
  title ="Observability and controllability for smooth nonlinear systems",
  author = "A. J. Van~Der~Schaft",
  journal = "SIAM J. Control and Optim.",
  volume = {20}, 
  number = {3},
  year = "1982"
}
@ARTICLE{leeN91,
  title ="Observer design for autonomous discrete-time nonlinear systems",
  author = "W. Lee and K. Nam",
  journal = "Systems and Control Letters",
  volume = "17",
  year = "1991"
}
@ARTICLE{krenerI83,
  title ="Linearization by output injection and nonlinear observers",
  author = "A. J. Krener and A. Isidori",
  journal = "Systems and Control Letters",
  volume = {3},
  year = "1983"
}
@ARTICLE{krenerR85,
  title ="Nonlinear observers with linearizable error dynamics",
  author = "A. J. Krener and W. Respondek",
  journal = "SIAM J. Control and Optimization",
  year = "1985"
}
@ARTICLE{hermannK77,
  title ="Nonlinear controllability and observability",
  author = "R. Hermann and A. J. Krener",
  journal = "IEEE Trans. Aut. Contr.",
  volume = {22},
  pages = {728--740},
  year = "1977"
}
@ARTICLE{hamanoB83,
  title ="Unknown-input present-state observability of discrete-time linear systems",
  author = "F. Hamano and G. Basile",
  journal = "J. of optim. theory and appl. vol. 40 (2)",
  year = "1983"
}
@ARTICLE{murray93,
  title ="Crash course on exterior differential systems",
  author = "R. M. Murray",
  journal = "Course notes -- CDS 122 -- Caltech",
  year = "Spring 1993"
}
@ARTICLE{azarbayejaniPH93,
  title ="Recursive estimation of structure and motion using relative orientation constraints",
  author = "A. Azarbayejani and B. Horowitz and A. Pentland ",
  journal = "Proc. CVPR",
  year = "New York, 1993"
}
@ARTICLE{barronFB94,
	AUTHOR = {J. Barron and D. Fleet and S. Beauchemin},
	TITLE = {Performance of optical flow techniques},
	JOURNAL = {Int. J. of Computer Vision},
	YEAR = {1994},
	VOLUME = {12},
	NUMBER = {1},
	PAGES = {43-78}
}
@ARTICLE{azarbayejaniP95,
  title ="Recursive estimation of motion, structure and focal length",
  author = "A. Azarbayejani and A. Pentland ",
  journal = pami,
  volume = "17",
  number = "6",
  year = "1995", 
  pages = "562--575"
}
@ARTICLE{oliensisIT92,
  title ="Recursive multi-frame structure from motion incorporating motion error",
  author = "J. Oliensis and J. Inigo-Thomas",
  journal = "Proc. DARPA Image Understanding Workshop",
  year = "1992"
}
@ARTICLE{thomasS94,
  title ="Linear structure from motion",
  author = "I. Thomas and E. Simoncelli",
  journal = "Technical Report IRCS 94-26, Univ. of Pennsylvania",
  year = "1994"
}
@ARTICLE{darmon81,
  title ="A recursive method to apply the Hough transform to a set of moving objects",
  author = "F. Darmon",
  journal = "Proc. IEEE, CH 1746 7/82",
  year = "1982"
}
@TECHREPORT{chen91,
        AUTHOR = {K. W. Chen},
        TITLE = {Observability and invertibility of nonlinear systems: a differential algebraic approach},
        INSTITUTION = {Link\"oping University -- Sweden},
        YEAR = {April 1991},
}
@TECHREPORT{soattoCDS122,
        AUTHOR = {Stefano Soatto},
        TITLE = {Differential Geometric Structure of the Visual Motion Problem},
        INSTITUTION = {California Institute of Technology -- Final report for the class CDS122},
        YEAR = {May 1993},
}
@ARTICLE{thompsonLS93,
	AUTHOR = {W. Thompson and P. Lechleider and E. Stuck},
	TITLE = {Detecting moving objects using the rigidity constraint},
	JOURNAL = pami,
	VOLUME = {15},
	NUMBER = {2}, 
	PAGES = {162--166},
	YEAR = {1993},
}
@ARTICLE{taubin91,
	AUTHOR = {G. Taubin},
	TITLE = {Estimation of planar curves, surfaces and nonplanar space
curves defined by implicit equations},
	JOURNAL = pami,
	YEAR = {1991},
}
@ARTICLE{taylorK94,
	AUTHOR = {C. J. Taylor and D. J. Kriegman},
	TITLE = {Structure and motion from line segments in multiple views},
	JOURNAL = {Technical Report 9402, Yale University},
	YEAR = {1994},
}
@ARTICLE{zhangF92,
	AUTHOR = {Z. Zhang and O. D. Faugeras},
	TITLE = {Three dimensional motion computation and object segmentation in a long sequence of stereo frames},
	JOURNAL = {Int. J. of Computer Vision},
	VOLUME = {7},
	NUMBER = {3},
	PAGES = {211--241},
	YEAR = {1992}
}
@ARTICLE{zhangF91,
	AUTHOR = {Z. Zhang and O. D. Faugeras},
	TITLE = {Estimation of displacement from two 3D frames obtained form stereo},
	JOURNAL = {TR 1440 -- INRIA},
	YEAR = {1991}
}
@ARTICLE{longuethiggins87,
	AUTHOR = {H.C. Longuet-Higgins},
	TITLE = {Configurations that defeat the eight-point algorithm},
	JOURNAL = {Mental processes: studies in cognitive science, MIT press},
	YEAR = {1987}
}
@ARTICLE{black92,
	AUTHOR = {M. Black},
	TITLE = {Combining intensity and motion for incremental segmentation and tracking over a long image sequence},
	JOURNAL = {Proc. of the European Conf. on Comp. Vision},
	YEAR = {1992},
	month = {Santa Margherita Ligure, May}
}
@ARTICLE{cipollaB92,
	AUTHOR = {R. Cipolla and A. Blake},
	TITLE = {Surface orientation and time to crash from image divergence and deformation},
	JOURNAL = {Proc. of the European Conf. on Comp. Vision},
	YEAR = {1992},
}
@ARTICLE{cipollaB91,
	AUTHOR = {R. Cipolla and A. Blake},
	TITLE = {Surface shape from the deformation of apparent contours},
	JOURNAL = {Int. J. of Computer Vision, 9 (2)},
	YEAR = {1992},
}
@ARTICLE{torrM93,
	AUTHOR = {P. Torr and D. Murray},
	TITLE = {Statistical detection of independent movement from a moving camera},
	JOURNAL = {Image and Vision Computing},
	VOLUME = {11}, 
	NUMBER = {4}, 
	PAGES = {180--187},
	YEAR = {1993}
}
@ARTICLE{bouthemyF93,
	AUTHOR = {P. Bouthemy and E. Francois},
	TITLE = {Motion segmentation and qualitative scene analysis from an image sequence},
	JOURNAL = {Int. J. Comp. Vision},
	VOLUME = {10},
	NUMBER = {2},
	PAGES = {157--182},
	YEAR = {1993},
}
@ARTICLE{wohnW90,
	AUTHOR = {K. Wohn and A. Waxman},
	TITLE = {The analytic structure of image flows: deformation and segmentation},
	JOURNAL = {Com. Vis. Graphics and Image Processing},
	YEAR = {1990},
}
@INPROCEEDINGS{soattoP93,
	AUTHOR = {S. Soatto and P. Perona},
	TITLE = {Three dimensional transparent structure 
		segmentation and multiple 3D motion estimation 
		from monocular perspective image sequences},
	BOOKTITLE = {IEEE Workshop on Motion of Nonrigid and
		Articulated Objects, Austin},
	PAGES = {228-235},
	YEAR = {1994},
	ORGANIZATION = {IEEE Computer Society},
	MONTH = nov
}
@INPROCEEDINGS{soattoP94MNAO,
	AUTHOR = {S. Soatto and P. Perona},
	TITLE = {Three dimensional transparent structure 
		segmentation and multiple 3D motion estimation 
		from monocular perspective image sequences},
	BOOKTITLE = {IEEE Workshop on Motion of Nonrigid and
		Articulated Objects, Austin},
	PAGES = {228-235},
	YEAR = {1994},
	ORGANIZATION = {IEEE Computer Society},
	MONTH = nov
}
@INPROCEEDINGS{soattoP95ICCV,
	AUTHOR = {S. Soatto and P. Perona},
	TITLE = {Dynamic 3-D rigid motion estimation from weak perspective},
	BOOKTITLE = {IEEE Int. Conf. on Computer Vision},
	YEAR = {1995},
	ORGANIZATION = {IEEE Computer Society}
}
@INPROCEEDINGS{ursellaSP95,
	AUTHOR = {E. Ursella and S. Soatto and P. Perona},
	TITLE = {Motion and pose estimation for articulated bodies},
	BOOKTITLE = {European Control Conference},
	YEAR = {1995}
}
@ARTICLE{iraniRP92,
	AUTHOR = {M. Irani and B. Rousso and S. Peleg},
	TITLE = {Detecting and tracking of multiple moving objects using temporal integration},
	JOURNAL = {Proc. of the European Conf. on Comp. Vision},
	YEAR = {1992},
	MONTH = {Santa Margherita Ligure, May}
}
@ARTICLE{debrunnerA92,
	AUTHOR = {C. Debrunner and N. Ahuja},
	TITLE = {Motion and structure factorization and segmentation of long multiple motion image sequences},
	JOURNAL = {Proc. of the European Conf. on Comp. Vision},
	YEAR = {1992},
	MONTH = {Santa Margherita Ligure, May}
}
@ARTICLE{koenderinkVD91,
	AUTHOR = {J. J. Koenderink and A. J. Van Doorn},
	TITLE = {Affine structure from motion},
	JOURNAL = {J. Optic. Soc. Am.},
	VOLUME = {8}, 
	NUMBER = {2}, 
	PAGES = {377--385},
	YEAR = {1991}
}
@ARTICLE{soattoFP93,
author = {S. Soatto and R. Frezza and P. Perona},
title = {Recursive motion estimation on the Essential manifold},
Journal = {Technical Report CIT-CDS 93-021 and CIT-CNS 32/93, California Institute of Technology},
year = {1993},
}
@ARTICLE{soattoFP96TAC,
  AUTHOR = {S. Soatto and R. Frezza and P. Perona},
  TITLE ={Motion estimation via dynamic vision},
JOURNAL = {IEEE Transactions on Automatic Control},
volume = {41},
number = {3},
MONTH = {March},
YEAR = {1996},
PAGES={393-414},
}
@INPROCEEDINGS{soattoP94SYROCO,
	AUTHOR = {S. Soatto and P. Perona},
	TITLE ={Structure-independent visual motion control on the essential manifold},
	BOOKTITLE = {Proc. of the IFAC Symposium on Robot Control (SYROCO), Capri, Italy},
	YEAR = {1994},
	PAGES = {869-876},
	MONTH = {Sept.}
}
@INPROCEEDINGS{boultB91,
        KEY = {Boult} ,
        AUTHOR = {T. E. Boult and L. G. Brown} ,
        TITLE = {Factorization-based Segmentation of Motions} ,
        BOOKTITLE = {Proceedings of the IEEE Workshop on Visual Motion} ,
        MONTH = {October} ,
        YEAR = {1991} ,
        PAGES = {179-186} ,
        BIBDATE = {Wed Aug  7 13:51:08 1991}
}
@ARTICLE{phelps91,
  title ="On constructing nonlinear observers",
  author = "A. Phelps",
  journal = "SIAM J. of Control and Optim. (29) 3",
  year = {1991}
}
@ARTICLE{levineM86,
  title ="Nonlinear system immersion, observers and finite-dimensional filters",
  author = "J. Levine and R. Marino",
  journal = "Systems and Control Letters",
  year = {1986}
}
@ARTICLE{bastinG88,
  title ="Stable adaptive observers for nonlinear time-varying systems",
  author = "G. Bastin and M. Gevers",
  journal = "IEEE trans. Aut. Control",
  year = {1988}
}
@ARTICLE{weberM94,
  title ="Rigid body segmentation and shape description from optical flow",
  author = "J. Weber and J. Malik",
  journal = "U.C. Berkeley Technical Report",
  year = {1994}
}
@ARTICLE{kendall84,
  title ="Shape manifolds, procrustean metrics and complex projective spaces",
  author = "D. G. Kendall",
  journal = "Bull. London Math. Soc.",
  volume = {16},
  year = {1984}
}
@ARTICLE{leK93,
  title ="The Riemannian structure of Euclidean shape spaces: a novel
environment for statistics",
  author = "H. Le and D. G. Kendall",
  journal = "The Annals of Statistics",
  volume = {21},
  number = {3},
  pages = {1225--1271},
  year = {1993}
}
@ARTICLE{carne90,
  title ="The geometry of shape spaces",
  author = "T. K. Carne",
  journal = "Proc. of the London Math. Soc. (3) 61",
  volume = {3}, 
  number = {61},
  pages = {407-432},
  year = {1990}
}
@ARTICLE{marino90,
  title ="Adaptive observers for single output nonlinear systems",
  author = "R. Marino",
  journal = "IEEE Trans. Aut. Control (35) 9",
  year = {1990}
}
@BOOK{kargerN85,
	AUTHOR = {A. Karger and J. Novak},
	TITLE = {Space kinematics and Lie groups},
	PUBLISHER = {Gordon and Brech Science Publ.},
	YEAR = {1985},
}
@BOOK{libermannM87,
	AUTHOR = {P. Libermann and C. M. Marle},
	TITLE = {Symplectic geometry and analytical mechanics},
	PUBLISHER = {Reidel},
	YEAR = {Dordrecht, 1987}
}

