%% This BibTeX bibliography file was created using BibDesk.
%% http://bibdesk.sourceforge.net/


%% Created for Alper Ayvaci at 2011-03-28 14:35:55 -0700 


%% Saved with string encoding Unicode (UTF-8) 

@Article{ayvaciRS11IJCV,
  author = 	{Ayvaci, A.
		and Raptis, M.
		and Soatto, S.},
  title = 	{Sparse Occlusion Detection with Optical Flow},
  journal = 	{International Journal of Computer Vision},
  year = 	{(in press) 2011 }
}

@InProceedings{fulkersonS10,
  author = 	{Fulkerson, B.
		and Soatto, S.},
  title = 	{Really quick shift: Image segmentation on a GPU},
  booktitle = 	{Workshop on Computer Vision using GPUs, held with the European Conference on Computer Vision},
  year = 	{2010},
  month = 	{September}
}

@ARTICLE{jacksonYS06,
	AUTHOR = {J. Jackson and A. J. Yezzi and S. Soatto},
	TITLE = {Dynamic shape and appearance modeling via moving and deforming layers},
	JOURNAL = {Intl. J. of Comp. Vision},
	YEAR = {2008},
	PAGES = {71--84},
	MONTH = {August},
volume ={79(1)},
NOTES = {AFOSR}	
}


@article{boltz2008motion,
author      = {S. Boltz and A. Herbulot and E. Debreuve and M. Barlaud and G. Aubert},
title       = {Motion and appearance nonparametric joint entropy for video segmentation},
journal     = {International Journal of Computer Vision},
year        = {2007}
}


@inproceedings{freedmanZ05,
	Author = {Freedman, D. and Zhang, T.},
	Booktitle = {Proc. of the Conference on Computer Vision and Pattern Recognition},
	Date-Added = {2011-03-28 14:32:41 -0700},
	Date-Modified = {2011-03-28 14:33:12 -0700},
	Title = {{Interactive graph cut based segmentation with shape priors}},
	Year = {2005}}

@inproceedings{sunSB10,
	Author = {Sun, D. and Sudderth, E.B. and Black, M.J.},
	Booktitle = {Advances in Neural Information Processing Systems},
	Date-Added = {2011-03-28 14:30:21 -0700},
	Date-Modified = {2011-03-28 14:31:26 -0700},
	Title = {{Layered Image Motion with Explicit Occlusions, Temporal Consistency, and Depth Ordering}},
	Year = {2010}}

@inproceedings{jacksonYS05,
	Author = {Jackson, J. D. and Yezzi, A. J. and Soatto, S.},
	Booktitle = {Proc. of the Workshop on Energy Minimization in Computer Vision and Pattern Recognition (EMMCVPR)},
	Date-Added = {2011-03-28 14:26:39 -0700},
	Date-Modified = {2011-03-28 14:27:21 -0700},
	Title = {Dynamic shape and appearance modeling via moving and deforming layers},
	Year = {2005}}

@article{inceK08,
	Author = {Ince, S. and Konrad, J.},
	Date-Added = {2011-03-28 13:38:44 -0700},
	Date-Modified = {2011-03-28 13:39:18 -0700},
	Journal = {IEEE Transactions on Image Processing},
	Number = {8},
	Pages = {1443--1451},
	Title = {{Occlusion-aware optical flow estimation}},
	Volume = {17},
	Year = {2008}}

@article{boykovVZ01,
	Author = {Boykov, Y. and Veksler, O. and Zabih, R.},
	Journal = {IEEE Transactions on Pattern Analysis and Machine Intelligence},
	Pages = {1222--1239},
	Title = {{Fast approximate energy minimization via graph cuts}},
	Year = {2001}}

@article{wangA94,
	Author = {Wang, J.Y.A. and Adelson, E.H.},
	Journal = {IEEE Transactions on Image Processing},
	Number = {5},
	Pages = {625--638},
	Title = {Representing moving images with layers},
	Volume = {3},
	Year = {1994}}

@INPROCEEDINGS{ayvaciS11,
AUTHOR = {A. Ayvaci and S. Soatto},
TITLE = {Efficient Model Selection for Detachable Object Detection}, 
BOOKTITLE = {Proc. of EMMCVPR},
YEAR = {2011},
MONTH = {July},
NOTES = {AFOSR, ARO, ONR}
}

@book{dahleh,
	Author = {M. A. Dahleh and I. J. Diaz-Bobillo},
	Isbn = {0132806452},
	Publisher = {Prentice-Hall, Inc.},
	Title = {{Control of uncertain systems: a linear programming approach}},
	Year = {1994}}

@article{yezziS03IJCV,
AUTHOR  = {A. Yezzi and S. Soatto},
TITLE = {Stereoscopic segmentation},
JOURNAL = {Intl. J. of Computer Vision},
VOLUME = {53(1)},
PAGES = {31--43},
YEAR = {2003},
NOTES = {NSF CAREER, ARO, ONR, INTEL}
}

@book{rissanen78,
	Author = {Grunwald, P.D. and Rissanen, J.},
	Publisher = {The MIT Press},
	Title = {The Minimum Description Length Principle},
	Year = {2007}}

@article{leclerc89,
	Author = {Leclerc, Y.G.},
	Date-Added = {2011-03-22 14:49:54 -0700},
	Date-Modified = {2011-03-22 14:50:22 -0700},
	Journal = {International Journal of Computer Vision},
	Number = {1},
	Pages = {73--102},
	Title = {{Constructing simple stable descriptions for image partitioning}},
	Volume = {3},
	Year = {1989}}

@inproceedings{limJK10,
	Author = {Yongsub Lim and Kyomin Jung and Pushmeet Kohli},
	Booktitle = {Proc. of the European Conference on Computer Vision},
	Date-Added = {2011-03-22 14:47:40 -0700},
	Date-Modified = {2011-03-22 14:48:25 -0700},
	Title = {Energy Minimization Under Constraints on Label Counts},
	Year = {2010}}

@inproceedings{yuanB10,
	Author = {Jing Yuan and Yuri Boykov},
	Booktitle = {Proc. of the Britih Machine Vision Conference},
	Date-Added = {2011-03-22 14:46:20 -0700},
	Date-Modified = {2011-03-22 14:47:09 -0700},
	Title = {TV-Based Image Segmentation with Label Cost Prior},
	Year = {2010}}

@article{zhuY96,
	Author = {Zhu, S.C. and Yuille, A.},
	Date-Added = {2011-03-22 14:44:19 -0700},
	Date-Modified = {2011-03-22 14:44:56 -0700},
	Journal = {IEEE Trans. on Pattern Analysis and Machine Intelligence},
	Number = {9},
	Pages = {884--900},
	Title = {{Region competition: Unifying snakes, region growing, and Bayes/MDL for multiband image segmentation}},
	Volume = {18},
	Year = {1996}}

@conference{delongOIB10,
	Author = {Delong, A. and Osokin, A. and Isack, H.N. and Boykov, Y.},
	Booktitle = {Proc. of the Conference on Computer Vision and Pattern Recognition},
	Date-Added = {2011-03-22 14:41:46 -0700},
	Date-Modified = {2011-03-22 14:43:18 -0700},
	Title = {{Fast approximate energy minimization with label costs}},
	Year = {2010}}

@inproceedings{ayvaciRS10,
	Author = {Ayvaci, A. and Raptis, M. and Soatto, S.},
	Booktitle = {Advances in Neural Information Processing Systems},
	Date-Added = {2011-02-21 20:44:16 -0800},
	Date-Modified = {2011-02-21 20:44:22 -0800},
	Month = {December},
	Title = {Occlusion Detection and Motion Estimation with Convex Optimization},
	Year = {2010}}

@inproceedings{zelnikP04,
	Author = {Zelnik-Manor, L. and Perona, P.},
	Booktitle = {Advances in Neural Information Processing Systems},
	Date-Modified = {2011-02-21 20:45:30 -0800},
	Title = {{Self-tuning spectral clustering}},
	Year = {2004}}

@inproceedings{amerRT10,
	Author = {Amer, M. and Raich, R. and Todorovic, S.},
	Booktitle = {Proc. of the International Conference on Image Processing},
	Date-Modified = {2011-02-21 20:39:05 -0800},
	Month = {September},
	Title = {{Monocular Extraction of 2.1D Sketch}},
	Year = {2010}}

@inproceedings{morelS08,
	Author = {Morel, J.M. and Salembier, P.},
	Booktitle = {Proc. of the Indian Conference on Computer Vision, Graphics \& Image Processing},
	Date-Modified = {2011-02-21 20:38:44 -0800},
	Title = {{Monocular Depth by Nonlinear Diffusion}},
	Year = {2008}}

@inproceedings{rathiWTY05,
	Author = {Rathi, Y. and Vaswani, N. and Tannenbaum, A. and Yezzi, A.},
	Booktitle = {Proc. of the Conference on Computer Vision and Pattern Recognition},
	Date-Modified = {2011-02-21 20:44:35 -0800},
	Pages = {2--9},
	Title = {{Particle filtering for geometric active contours with application to tracking moving and deforming objects}},
	Volume = {2},
	Year = {2005}}

@inproceedings{rotherMBK06,
	Author = {Rother, C. and Minka, T. and Blake, A. and Kolmogorov, V.},
	Booktitle = {Proc. of the Conference on Computer Vision and Pattern Recognition},
	Date-Modified = {2011-02-21 20:35:56 -0800},
	Title = {{Cosegmentation of image pairs by histogram matching-incorporating a global constraint into mrfs}},
	Year = {2006}}

@inproceedings{schoenemannC08,
	Author = {T. Schoenemann and D. Cremers},
	Booktitle = {Proc. of the Conference on Computer Vision and Pattern Recognition},
	Date-Modified = {2011-02-21 20:37:25 -0800},
	Title = {High Resolution Motion Layer Decomposition using Dual-space Graph Cuts},
	Year = {2008}}

@article{chanE05,
	Author = {Chan, T.F. and Esedoglu, S.},
	Date-Modified = {2011-02-21 20:35:20 -0800},
	Journal = {SIAM Journal on Applied Mathematics},
	Number = {5},
	Pages = {1817},
	Title = {{Aspects of Total Variation Regularized L'Function Approximation}},
	Volume = {65},
	Year = {2005}}

@article{grady06,
	Author = {Leo Grady},
	Date-Modified = {2011-02-21 20:45:08 -0800},
	Journal = {IEEE Transactions on Pattern Analysis and Machine Intelligence},
	Number = 11,
	Pages = {1768--1783},
	Title = {Random Walks for Image Segmentation},
	Volume = 28,
	Year = 2006}

@inproceedings{grantB08,
	Author = {M.Grant and S. Boyd},
	Booktitle = {Recent Advances in Learning and Control},
	Title = {Graph implementations for nonsmooth convex programs},
	Year = 2008}

@misc{cvx,
	Author = {M. Grant and S. Boyd},
	Howpublished = {\url{http://cvxr.com/cvx}},
	Month = {October},
	Title = {CVX: Matlab Software for Disciplined Convex Programming, version 1.21},
	Year = 2010}

@inproceedings{vedaldiS06CVPR,
	Author = {A. Vedaldi and S. Soatto},
	Booktitle = {Proc. of the Conference on Computer Vision and Pattern Recognition},
	Date-Modified = {2011-02-21 20:38:23 -0800},
	Title = {Local Features, All Grown Up},
	Year = {2006}}

@article{martinFM04,
	Author = {Martin, D.R. and Fowlkes, C.C. and Malik, J.},
	Date-Modified = {2011-02-21 20:38:10 -0800},
	Journal = {IEEE Trans. on Pattern Analysis and Machine Intelligence},
	Number = {5},
	Pages = {530--549},
	Title = {{Learning to detect natural image boundaries using local brightness, color, and texture cues}},
	Volume = {26},
	Year = {2004}}

@article{sundaramoorthiMYS10,
	Author = {Sundaramoorthi, G. and Mennucci, A. and Soatto, S. and Yezzi, A. J.},
	Date-Modified = {2011-02-21 20:34:02 -0800},
	Journal = {SIAM Journal on Imaging Sciences},
	Title = {A New Geometric Metric in the Space of Curves, and Applications to Tracking Deforming Objects by Prediction and Filtering},
	Year = {2010}}

@inproceedings{sinopG07,
	Author = {Ali Kemal Sinop and Leo Grady},
	Booktitle = {Proc. of the International Conference on Computer Vision},
	Date-Modified = {2011-02-21 20:34:28 -0800},
	Title = {A Seeded Image Segmentation Framework Unifying Graph Cuts and Random Walker Which Yields a New Algorithm},
	Year = 2007}

@inproceedings{gibson82,
	Author = {Gibson, E.J.},
	Booktitle = {The concept of development},
	Pages = {55--81},
	Title = {{The concept of affordances in development: The renascence of functionalism}},
	Volume = {15},
	Year = {1982}}

@book{gibson84,
	Author = {J. J. Gibson},
	Publisher = {LEA},
	Title = {The ecological approach to visual perception},
	Year = {1984}}

@article{boykovVZ02,
	Author = {Boykov, Y. and Veksler, O. and Zabih, R.},
	Journal = {IEEE Transactions on Pattern Analysis and Machine Intelligence},
	Number = {11},
	Pages = {1222--1239},
	Title = {{Fast approximate energy minimization via graph cuts}},
	Volume = {23},
	Year = {2002}}

@article{shiM02,
	Author = {Shi, J. and Malik, J.},
	Date-Modified = {2011-02-21 20:42:40 -0800},
	Journal = {IEEE Transactions on Pattern Analysis and Machine Intelligence},
	Number = {8},
	Pages = {888--905},
	Title = {{Normalized Cuts and Image Segmentation}},
	Volume = {22},
	Year = {2002}}

@inproceedings{apostoloffF06,
	Author = {Apostoloff, NE and Fitzgibbon, AW},
	Booktitle = {Proc. of the Britih Machine Vision Conference},
	Date-Modified = {2011-02-21 20:35:35 -0800},
	Title = {{Automatic video segmentation using spatiotemporal T-junctions}},
	Year = {2006}}

@inproceedings{apostoloffF05,
	Author = {Apostoloff, N. and Fitzgibbon, A.},
	Booktitle = {Proc. of the Conference on Computer Vision and Pattern Recognition},
	Date-Modified = {2011-02-21 20:37:56 -0800},
	Title = {{Learning Spatiotemporal T-Junctions for Occlusion Detection}},
	Year = {2005}}

@inproceedings{vazquezAPM10,
	Author = {Amelio Vazquez-Reina and Shai Avidan and Hanspeter Pfister and Eric Miller},
	Booktitle = {Proc. of the European Conference on Computer Vision},
	Date-Modified = {2011-02-21 20:40:55 -0800},
	Title = {Multiple Hypothesis Video Segmentation from Superpixel Flows},
	Year = {2010}}

@inproceedings{brendelT10,
	Author = {Brendel, W. and Todorovic, S.},
	Booktitle = {Proc. of the International Conference on Computer Vision},
	Date-Modified = {2011-02-21 20:48:24 -0800},
	Issn = {1550-5499},
	Title = {{Video object segmentation by tracking regions}},
	Year = {2009}}

@inproceedings{broxM10,
	Author = {Brox, T. and Malik, J.},
	Booktitle = {Proc. of the European Conference on Computer Vision},
	Date-Modified = {2011-02-21 20:42:53 -0800},
	Pages = {282--295},
	Title = {{Object Segmentation by Long Term Analysis of Point Trajectories}},
	Year = {2010}}

@inproceedings{wangXYSC04,
	Author = {Wang, J. and Xu, Y. and Shum, H.Y. and Cohen, M.F.},
	Booktitle = {ACM SIGGRAPH},
	Date-Modified = {2011-02-21 20:48:42 -0800},
	Title = {{Video tooning}},
	Year = {2004}}

@inproceedings{ungerMPB09,
	Author = {Unger, M. and Mauthner, T. and Pock, T. and Bischof, H.},
	Booktitle = {Proc of the Energy Minimization Methods in Computer Vision and Pattern Recognition},
	Date-Modified = {2011-02-21 20:46:10 -0800},
	Title = {{Tracking as segmentation of spatial-temporal volumes by anisotropic weighted TV}},
	Year = {2009}}

@conference{baiSS09,
	Author = {Bai, X. and Wang, J. and Simons, D. and Sapiro, G.},
	Booktitle = {ACM SIGGRAPH},
	Date-Modified = {2011-02-21 20:48:34 -0800},
	Title = {{Video SnapCut: robust video object cutout using localized classifiers}},
	Year = {2009}}

@article{cremersS05,
	Author = {Cremers, D. and Soatto, S.},
	Journal = {International Journal of Computer Vision},
	Month = {May},
	Number = {3},
	Pages = {249--265},
	Title = {Motion competition: a variational approach to piecewise parametric motion segmentation},
	Volume = {62},
	Year = {2005}}

@inproceedings{ayvaciS09,
	Author = {Ayvaci, A. and Soatto, S.},
	Booktitle = {Proc. of the Workshop on Dynamical Vision},
	Date-Modified = {2011-02-21 20:40:23 -0800},
	Month = {October},
	Title = {Motion Segmentation with Occlusions on the Superpixel Graph},
	Year = {2009}}

@inproceedings{huangLM09,
	Author = {Huang, Y. and Liu, Q. and Metaxas, D.},
	Booktitle = {Proc. of the Conference on Computer Vision and Pattern Recognition},
	Date-Modified = {2011-02-21 20:48:11 -0800},
	Issn = {1063-6919},
	Pages = {1738--1745},
	Title = {{Video object segmentation by hypergraph cut}},
	Year = {2009}}

@inproceedings{steinSH08,
	Author = {Andrew Stein and Thomas Stepleton and Martial Hebert},
	Booktitle = {Proc. of the Conference on Computer Vision and Pattern Recognition},
	Date-Modified = {2011-02-21 20:45:49 -0800},
	Month = {June},
	Title = {Towards Unsupervised Whole-Object Segmentation: Combining Automated Matting with Boundary Detection},
	Year = {2008}}

@article{steinH09,
	Author = {Stein, A.N. and Hebert, M.},
	Date-Modified = {2011-02-21 20:44:16 -0800},
	Journal = {International Journal of Computer Vision},
	Number = {3},
	Pages = {325--357},
	Title = {{Occlusion boundaries from motion: low-level detection and mid-level reasoning}},
	Volume = {82},
	Year = {2009}}

@inproceedings{arbelaezMFM09,
	Author = {Arbel{\'a}ez, P. and Maire, M. and Fowlkes, C. and Malik, J.},
	Booktitle = {Proc. of the Conference on Computer Vision and Pattern Recognition},
	Date-Modified = {2011-02-21 20:36:36 -0800},
	Title = {{From contours to regions: An empirical evaluation}},
	Year = {2009}}

@inproceedings{heY10,
	Author = {He, X. and Yuille, A.},
	Booktitle = {Proc. of the European Conference on Computer Vision},
	Date-Modified = {2011-02-21 20:43:27 -0800},
	Title = {{Occlusion Boundary Detection using Pseudo-Depth}},
	Year = {2010}}

@inproceedings{sarginBMR09,
	Author = {Sargin, ME and Bertelli, L. and Manjunath, BS and Rose, K.},
	Booktitle = {Proc. of the International Conference on Computer Vision},
	Date-Modified = {2011-02-21 20:44:46 -0800},
	Title = {{Probabilistic Occlusion Boundary Detection on Spatio-Temporal Lattices}},
	Year = {2009}}

@inproceedings{brostowE99,
	Author = {Brostow, G.J. and Essa, I.A.},
	Booktitle = {Proc. of the International Conference on Computer Vision},
	Date-Modified = {2011-02-21 20:39:25 -0800},
	Title = {{Motion based decompositing of video}},
	Year = {1999}}

@article{smithDC04,
	Author = {Smith, P. and Drummond, T. and Cipolla, R.},
	Journal = {IEEE Transactions on Pattern Analysis and Machine Intelligence},
	Number = {4},
	Pages = {479--494},
	Title = {{Layered motion segmentation and depth ordering by tracking edges}},
	Volume = {26},
	Year = {2004}}

@article{pawanTZ08,
	Author = {Pawan Kumar, M. and Torr, P.H.S. and Zisserman, A.},
	Date-Modified = {2011-02-21 20:37:41 -0800},
	Journal = {International Journal of Computer Vision},
	Number = {3},
	Pages = {301--319},
	Title = {{Learning layered motion segmentations of video}},
	Volume = {76},
	Year = {2008}}

@inproceedings{jepsonFB02,
	Author = {Jepson, A. and Fleet, D. and Black, M.},
	Booktitle = {Proc. of the European Conference on Computer Vision},
	Date-Modified = {2011-02-21 20:41:13 -0800},
	Pages = {692--706},
	Title = {{A layered motion representation with occlusion and compact spatial support}},
	Year = {2002}}

@article{iraniP93,
	Author = {Irani, M. and Peleg, S.},
	Journal = {Journal of Visual Communication and Image Representation},
	Pages = {324--324},
	Title = {{Motion analysis for image enhancement: Resolution, occlusion, and transparency}},
	Volume = {4},
	Year = {1993}}

@article{feldmanW08,
	Author = {Feldman, D. and Weinshall, D.},
	Journal = {IEEE Transactions on Pattern Analysis and Machine Intelligence},
	Pages = {1171--1185},
	Title = {{Motion segmentation and depth ordering using an occlusion detector}},
	Volume = {30},
	Year = {2008}}

@article{ogaleFA05,
	Author = {Ogale, A.S. and Ferm, C. and Aloimonos, Y.},
	Journal = {IEEE Transactions on Pattern Analysis and Machine Intelligence},
	Pages = {988--992},
	Title = {{Motion segmentation using occlusions}},
	Year = {2005}}
