@string{cvpr = {Proc. of CVPR}}
@string{eccv = {Proc. of ECCV}}
@string{iccv = {Proc. of ICCV}}
@string{nips = {Proc. of NIPS}}
@string{emmcvpr = {Proc. of EMMCVPR}}
@string{ijcv = {IJCV}}
@string{pami = {PAMI}}
@string{tip = {TIP}}
@string{scia = {Proc. of SCIA}}
@string{cviu = {CVIU}}

@string{cvpr = {Proc. of the IEEE Conference on Computer Vision and Pattern Recognition}}
@string{eccv = {Proc. of the European Conference on Computer Vision}}
@string{iccv = {Proc. of the International Conference on Computer Vision}}
@string{nips = {Advances in Neural Information Processing Systems}}
@string{emmcvpr = {Proc. of the International Conference on Energy Minimization Methods in Computer Vision and Pattern Recognition}}
@string{ijcv = {International Journal of Computer Vision}}
@string{pami = {IEEE Transactions on Pattern Analysis and Machine Intelligence}}
@string{tip = {IEEE Transactions on Image Processing}}
@string{scia = {Proc. of the Scandinavian Conference on Image Analysis}}
@string{cviu = {Computer Vision and Image Understanding}}

@inproceedings{singarajuV11,
  	title		={Using global bag of features models in random fields for joint categorization and segmentation of objects},
  	author		={Singaraju, D. and Vidal, R.},
  	booktitle	=cvpr,
  	year		={2011},
}

@inproceedings{wangGP09,
  	title		={Segmentation, ordering and multi-object tracking using graphical models},
  	author		={Wang, C. and de La Gorce, M. and Paragios, N.},
  	booktitle	=iccv,
  	year		={2009},
}

@inproceedings {galleguillosRB08,
	title = {Object Categorization using Co-Occurrence, Location and Appearance},
	booktitle = cvpr,
	year = {2008},
	author = {Carolina Galleguillos and Andrew Rabinovich and Serge Belongie}
}

% Brox dataset moseg	
@inproceedings {broxM10,
	author = {Brox, Thomas and Malik, Jitendra},
	title = {Object Segmentation by Long Term Analysis of Point Trajectories},
	booktitle = eccv,
	year = {2010}
}

% Fulkerson 2009 et al.
@inproceedings{fulkersonVS09,
	author    = {Brian Fulkerson and Andrea Vedaldi and Stefano Soatto},
	title     = {Class segmentation and object localization with superpixel neighborhoods},
	booktitle = iccv,
	year      = {2009}
}


@article{martinFM04,
	Author = {Martin, D.R. and Fowlkes, C.C. and Malik, J.},
	Journal = pami,
	Number = {5},
	Title = {{Learning to detect natural image boundaries using local brightness, color, and texture cues}},
	Volume = {26},
	Year = {2004}
}


@article{steinH09,
	Author = {Stein, A.N. and Hebert, M.},
	Date-Modified = {2011-02-21 20:44:16 -0800},
	Journal = ijcv,
	Number = {3},
	Title = {{Occlusion boundaries from motion: low-level detection and mid-level reasoning}},
	Volume = {82},
	Year = {2009}
}


%Occlusion detection and detachable object detection

@inproceedings{ayvaciS11,
	author 		= {Ayvaci, A. and Soatto, S.},
	title 		= {Detachable Object Detection with Efficient Model Selection},
	booktitle 	= emmcvpr,
	year 		= {2011}
}

@inproceedings{ayvaciRS10,
	author 		= {Ayvaci, A. and Raptis, M. and Soatto, S.},
	title 		= {Occlusion Detection and Motion Estimation with Convex Optimization},
	booktitle 	= nips,
	year 		= {2010}
}



% Sliding windows

@inproceedings{dallalT05,
  title={Histograms of oriented gradients for human detection},
  author={Dalal, N. and Triggs, B.},
  booktitle=cvpr,
  year={2005}}

@article{blaschkoL08,
  title={Learning to localize objects with structured output regression},
  author={Blaschko, M. and Lampert, C.},
  journal=eccv,
  year={2008}
}

@inproceedings{lampertBH08,
  title={Beyond sliding windows: Object localization by efficient subwindow search},
  author={Lampert, C.H. and Blaschko, M.B. and Hofmann, T.},
  booktitle=cvpr,
  year={2008}
}

% crf

@inproceedings{heZP04,
  title={Multiscale conditional random fields for image labeling},
  author={He, X. and Zemel, R.S. and Carreira-Perpinan, M.A.},
  booktitle=cvpr,
  year={2004}}

@inproceedings{kumarH05,
  title={A hierarchical field framework for unified context-based classification},
  author={Kumar, S. and Hebert, M.},
  booktitle=iccv,
  year={2005}}

@inproceedings{verbeekT07,
  title={Region classification with markov field aspect models},
  author={Verbeek, J. and Triggs, B.},
  booktitle=cvpr,
  year={2007}}

% sift

@article{lowe04,
  title={Distinctive image features from scale-invariant keypoints},
  author={Lowe, D.G.},
  journal=ijcv,
  year={2004}
}

%texton boost
@inproceedings{shottonWRC06,
  title={Textonboost: Joint appearance, shape and context modeling for multi-class object recognition and segmentation},
  author={Shotton, J. and Winn, J. and Rother, C. and Criminisi, A.},
  booktitle=eccv,
  year={2006}
}


@article{inceK08,
	Author = {Ince, S. and Konrad, J.},
	Journal = tip,
	Number = {8},
	Title = {{Occlusion-aware optical flow estimation}},
	Volume = {17},
	Year = {2008}
}


@InProceedings{Opelt05,
  author    = {Opelt, A. and Pinz, A.},
  title     = {Object localization with boosting and weak supervision for generic object recognition},
  booktitle = scia,
  year      = {2005}
}

@inproceedings{schoenemannC08,
	Author = {T. Schoenemann and D. Cremers},
	Booktitle = cvpr,
	Title = {High Resolution Motion Layer Decomposition using Dual-space Graph Cuts},
	Year = {2008}}

@inproceedings{sunSB10,
	Author = {Sun, D. and Sudderth, E.B. and Black, M.J.},
	Booktitle = nips,
	Title = {{Layered Image Motion with Explicit Occlusions, Temporal Consistency, and Depth Ordering}},
	Year = {2010}
}


@inproceedings{ungerMPB09,
	Author = {Unger, M. and Mauthner, T. and Pock, T. and Bischof, H.},
	Booktitle = emmcvpr,
	Title = {{Tracking as segmentation of spatial-temporal volumes by anisotropic weighted TV}},
	Year = {2009}}


@conference{baiWSS09,
	Author = {Bai, X. and Wang, J. and Simons, D. and Sapiro, G.},
	Booktitle = {ACM SIGGRAPH},
	Date-Modified = {2011-02-21 20:48:34 -0800},
	Title = {{Video SnapCut: robust video object cutout using localized classifiers}},
	Year = {2009}}

@article{shottonWRC09,
 	Author = {Shotton, Jamie and Winn, John M. and Rother, Carsten and Criminisi, Antonio},
 	Journal = ijcv,
  	Number = {1},
  	Title = {TextonBoost for Image Understanding: Multi-Class Object Recognition and Segmentation by Jointly Modeling Texture, Layout, and Context.},
  	Volume = 81,
  	Year = 2009
}

@INPROCEEDINGS{borensteinU02,
    	Author = {Eran Borenstein and Shimon Ullman},
   	Title = {Class-specific, top-down segmentation},
   	Booktitle = eccv,
   	Year = {2002}}	

@inproceedings{parkhiVJZ11,
	Author    = {O. Parkhi and A. Vedaldi and C. V. Jawahar and A. Zisserman},
	Title     = {The Truth About Cats and Dogs},
	Booktitle = iccv,
	Year      = {2011}}
  
@inproceedings{rabinovichVGWB07,
	Author    = {A. Rabinovich and A. Vedaldi and C. Galleguillos and E. Wiewiora and S. Belongie},
	Title     = {Objects in Context},
	Booktitle = iccv,
	Year      = {2007}}
  
@INPROCEEDINGS{moriREM04,
	author = {Greg Mori and Xiaofeng Ren and Alexei A. Efros and Jitendra Malik},
	title = {Recovering human body configurations: Combining segmentation and recognition},
	booktitle = cvpr,
	year = {2004}}
    
@inproceedings{ramanan07,
	author = {Ramanan, D.},
	booktitle = cvpr,
	title = {Using Segmentation to Verify Object Hypotheses},
	year = {2007}}

@article{ommerMB09,
	 author = {Ommer, Bj\"{o}rn and Mader, Theodor and Buhmann, Joachim M.},
	 title = {Seeing the Objects Behind the Dots: Recognition in Videos from a Moving Camera},
	 journal = ijcv,
	 volume = {83},
	 month = {June},
	 year = {2009}
}

@INPROCEEDINGS{shiM98,
	author = {Jianbo Shi and Jitendra Malik},
	title = {Motion Segmentation and Tracking Using Normalized Cuts},
	booktitle = iccv,
	year = {1998}
}

@INPROCEEDINGS{xiaoShah04,
	author 		= {Jiangjian Xiao and Mubarak Shah},
	title 		= {Motion Layer Extraction in the Presence of Occlusion using Graph Cut},
	booktitle 	= cvpr,
	year 		= {2004}}

@MISC{renM07,
	author 		= {Xiaofeng Ren and Jitendra Malik},
	title 		= {Tracking as Repeated Figure/Ground Segmentation},
	year 		= {2007},
	booktitle	= cvpr
}

@inproceedings{sheikhJK09,
	author = {Sheikh, Yaser and Javed, Omar and Kanade, Takeo},
	booktitle = iccv,
	title = {Background Subtraction for Freely Moving Cameras},
	year = {2009}}

@InProceedings{Ferrari08, 
	author = {Ferrari, V. and Marin-Jimenez, M. and Zisserman, A.}, 
	year = {2008}, 
	title = {Progressive Search Space Reduction for Human Pose Estimation},
	booktitle = cvpr
} 

@article{wangA94,
	author = {John Y.A. Wang and Edward H. Adelson},
	title = {Representing Moving Images with Layers},
	year = {1994},
        journal	= tip,
}
    
@article{blackA96,
	author	= {Black, Michael J. and Anandan, P.},
	title   = {The robust estimation of multiple motions: parametric and piecewise-smooth flow fields},
	journal = cviu,
	year 	= {1996}
} 

@inproceedings{broxBPW04,
	author    = {Thomas Brox and Andr{\'e}s Bruhn and Nils Papenberg and Joachim Weickert},
	title     = {High Accuracy Optical Flow Estimation Based on a Theory for Warping},
	booktitle = eccv,
	year      = {2004},
}

@inproceedings{kanatani01,
	author 		= {Kenichi Kanatani},
	title 		= {Motion Segmentation by Subspace Separation and Model Selection},
	booktitle 	= iccv,
	year 		= {2001}}

@article {vidalTH08,
	author = {Vidal, Ren√© and Tron, Roberto and Hartley, Richard},
	title = {Multiframe Motion Segmentation with Missing Data Using PowerFactorization and {GPCA}},
	journal = ijcv,
	volume = {79},
	issue = {1},
	year = {2008}
}

@inproceedings{yanP06,
	author 	= {Jingyu Yan and Marc Pollefeys},
	title 	= {A General Framework for Motion Segmentation: Independent, Articulated, Rigid, Non-Rigid, Degenerate and Nondegenerate},
	booktitle = eccv,
	year 	= {2006}}

@MISC{renGu10,
    	author 	= {Xiaofeng Ren and Chunhui Gu},
    	title 	= {Figure-Ground Segmentation Improves Handled Object Recognition in Egocentric Video},
	booktitle = cvpr,
    	year 	= {2010}}

@inproceedings{caoF07,
	author 		= {Cao, Liangliang and Fei-Fei, Li},
	booktitle 	= iccv,
	title 		= {Spatially Coherent Latent Topic Model for Concurrent Segmentation and Classification of Objects and Scenes},
	year 		= {2007}}

@MISC{gouldGK09,
	author 		= {Stephen Gould and Tianshi Gao and Daphne Koller},
	title 		= {Region-based Segmentation and Object Detection},
	year 		= {2009},
	booktitle	= nips
}

@INPROCEEDINGS{kohliT08,
	author 		= {Pushmeet Kohli and Philip H. S. Torr},
	title 		= {Robust Higher Order Potentials for Enforcing Label Consistency},
	booktitle 	= cvpr,
	year	 	= {2008}}

@INPROCEEDINGS{ladickyRKT09, 
	author		= {LadickyÃÅ, L. and Russell, C. and Kohli, P. and Torr, P.H.S.}, 
	booktitle	= iccv, 
	title		= {Associative Hierarchical {CRF}s for Object Class Image Segmentation}, 
	year		= {2009}}

@inproceedings{liCS10,
	author 		= {F. Li and J. Carreira and C. Sminchisescu},
	title 		= {Object Recognition as Ranking Holistic Figure-Ground Hypotheses},
	booktitle 	= cvpr,
	year 		= {2010}
}

@misc{carreiraS, 
	author 		= {J. Carreira and C. Sminchisescu}, 
	title 		= {Constrained Parametric Min-Cuts for Automatic Object Segmentation, Release 1},
	booktitle	= cvpr,
	year 		= {2010}
}

@misc{everinghamVWW11,
	author 		= {Everingham, M. and Van~Gool, L. and Williams, C. K. I. and Winn, J. and Zisserman, A.},
	title 		= {The PASCAL Visual Object Classes Challenge},
	year		= {2011}}
		
@inproceedings{huangLM09,
	author 		= {Huang, Yuchi and Liu, Qingshan and Metaxas, Dimitris},
	title 		= {Video Object Segmentation by Hypergraph Cut},
	booktitle	= cvpr,
	year		= {2009}}

@inproceedings{brendelT09,
	author 	    	= {W. Brendel and S. Todorovic},
	booktitle   	= iccv,
	title 	    	= {Video Object Segmentation by Tracking Regions},
	year 	    	= {2009}}

@inproceedings{bugeauP07,
	author 		= {Aur√©lie Bugeau and Patrick P√©rez},
	title 		= {Detection and segmentation of moving objects in highly dynamic scenes},
	booktitle 	= cvpr,
	year 		= {2007}}

@inproceedings{hoiemRW07,
	author 		= {Derek Hoiem and Carsten Rother and John Winn},
	title 		= {{3D} Layout {CRF} for Multi-View Object Class Recognition and Segmentation},
	booktitle 	= cvpr,
	year 		= {2007}}

@inproceedings{leeKG11,
	author    	= {Yong Jae Lee and Jaechul Kim and Kristen Grauman},
	title     	= {Key-segments for video object segmentation},
	booktitle 	= iccv,
	year      	= {2011}}

@misc{ladicky11,
	author		= {Lubor Ladicky},
	title		= {Global Structured Models towards Scene Understanding},
	booktitle	= {PhD Thesis, Oxford Brookes University},
	year		= {2011}}

@inproceedings{boykovK04,
	author		= {Yuri Boykov and Vladimir Kolmogorov},
	title 		= {An Experimental Comparison of Min-Cut/Max-Flow Algorithms for Energy Minimization in Vision},
	booktitle	= {pami},
	year		= {2004}}

@inproceedings{ochsB11,
	author		= {Peter Ochs and Thomas Brox},
	title		= {Object segmentation in video: a hierarchical variational approach for turning point trajectories into dense regions},
	booktitle	= {iccv},
	year		= {2011}}

@inproceedings{wojekS08,
	author		= {Christian Wojek and Bernt Schiele},
	title		= {A Dynamic Conditional Random Field Model for Joint Labeling of Object and Scene Classes},
	booktitle	= {eccv},
	year		= {2008}}

@misc{cvx,
  	author       	= {Michael Grant and Stephen Boyd},
  	title        	= {{CVX}: Matlab Software for Disciplined Convex Programming, version 1.21},
  	year         	= {2011}}

@incollection{gb08,
	author    	= {Michael Grant and Stephen Boyd},
	title     	= {Graph Implementations for Nonsmooth Convex Programs},
	booktitle 	= {Recent Advances in Learning and Control},
	publisher 	= {Springer-Verlag Limited},
	year      	= {2008}}

@inproceedings{brostowSFC08,
  author    = {Gabriel J. Brostow and Jamie Shotton and Julien Fauqueur and Roberto Cipolla},
  title     = {Segmentation and Recognition Using Structure from Motion Point Clouds},
  booktitle = {eccv},
  year      = {2008}}
 
@article{brostowFC08,
  author = {Gabriel J. Brostow and Julien Fauqueur and Roberto Cipolla},
  title = {Semantic Object Classes in Video: A High-Definition Ground Truth Database},
  journal = {Pattern Recognition Letters},
  year = {2008}}

@inproceedings{florosL12,
  author = {}
  title  = {}
  booktitle = {cvpr}
  year  = {2012}}
