@article{Dhillon07_TPAMI,
	Author = {Inderjit Dhillon and Yuqiang Guan and Brian Kulis},
	Year = {2007},
	Title = {Weighted Graph Cuts without Eigenvectors: A Multilevel Approach},
	Journal = {IEEE Transactions on Pattern Analysis and Machine Intelligence},
	Volume = {29},
	Number = {11},
	Pages = {1944--1957}}
@inproceedings{Kulis12_ICML,
	Author = {Brian Kulis and Michael I. Jordan},
	Title = {Revisiting k-means: New Algorithms via Bayesian Nonparametrics},
	Year = {2012},
	Booktitle = {Proceedings of the 29th International Conference on Machine Learning (ICML)},
	Address = {Edinburgh, Scotland}}
@inproceedings{Lin10_NIPS,
	Author = {Dahua Lin and Eric Grimson and John Fisher},
	Title = {Construction of Dependent Dirichlet Processes based on Poisson Processes},
	Year = {2010},
	Booktitle = {Neural Information Processing Systems}}
@incollection{Teh10_EML,
	Author = {Yee Whye Teh},
	Title = {Dirichlet Processes},
	Booktitle = {Encyclopedia of Machine Learning},
	Publisher = {Springer},
	Address = {New York},
	Year = {2010}}
@inproceedings{Zha01_NIPS,
	Author = {Hongyuan Zha and Xiaofeng He and Chris Ding and Horst Simon and Ming Gu},
	Title = {Spectral Relaxation for K-means Clustering},
	Year=  {2001},
	Booktitle = {Advances in Neural Information Processing Systems}}
@inproceedings{Yu03_ICCV,
	Author = {Stella Yu and Jianbo Shi},
	Title = {Multiclass Spectral Clustering},
	Year = {2003},
	Booktitle = {Proceedings of the Ninth International Conference on Computer Vision}}



